2858 4816
739 344 760 408 2

201 532 354 597 lenonem
380 539 543 616 repertam
567 552 638 595 esse
654 529 792 612 dicebat,
815 530 856 594 ad
876 531 959 594 banc
979 529 1077 595 filiam
1099 529 1302 596 liberandam

203 651 385 730 acceperat.
409 643 437 724 I,
461 642 488 706 1.
512 640 591 704 Mox
608 640 677 726 ipse
694 639 826 704 advenit
838 639 1076 726 Stratippocles
1095 664 1167 704 cum
1185 641 1302 724 amico,

204 772 300 836 quem
323 774 395 815 cum
418 751 538 814 frustra
563 759 709 812 mutuum
737 758 831 830 roget
855 759 1043 833 argentum,
1072 749 1106 813 in
1129 749 1301 837 Epidicum

204 859 362 945 pecuniae
386 859 622 946 comparandae
647 881 763 923 munus
788 857 963 921 confertur.
1000 859 1111 942 Atque
1134 881 1200 941 ero,
1223 861 1300 944 quid

203 968 335 1032 fidicina
356 968 412 1030 illa
436 968 500 1031 iam
524 976 633 1051 empta
653 965 708 1030 fiat
729 961 895 1052 quaerenti
919 966 971 1028 bic
988 967 1165 1054 respondet
1181 968 1301 1032 Euboi-

203 1099 276 1140 cum
301 1099 373 1141 eam
396 1077 533 1140 militem
558 1076 720 1162 deperire,
745 1099 852 1159 quem,
875 1076 929 1140 ubi
953 1078 1150 1162 compererit
1164 1076 1301 1163 Stratip-

204 1186 309 1270 poclis
325 1209 468 1250 amorem
483 1187 592 1250 locum
605 1185 791 1268 mutavisse,
815 1208 873 1272 pro
891 1186 948 1249 illa
963 1196 1133 1270 argentum
1150 1188 1301 1253 lubenter

204 1293 354 1358 daturum
378 1316 458 1358 esse.
482 1296 509 1374 l,
532 1295 560 1357 2.
715 1298 718 1305 ’
747 1377 766 1387 q,

289 1403 458 1467 Prodeant
480 1404 543 1466 iam
566 1404 599 1466 in
624 1402 966 1487 scenam¹Pcripbanes
984 1425 1085 1466 senex
1105 1408 1175 1467 cum
1190 1404 1303 1491 Apoc-

205 1511 278 1587 cide
295 1512 409 1605 amice,
432 1535 569 1596 quorum
587 1512 814 1598 &colloquio
831 1513 893 1576 hoc
911 1522 1057 1601 apparet,
1078 1513 1171 1575 illum
1189 1514 1302 1579 mulie-

205 1596 503 1706 reA{'²qulll‘blim
527 1604 764 1708 cdrbpre'ss'erat
788 1620 944 1706 caribs'qu'c
963 1622 1160 1686 desiderium
1182 1622 1250 1687 filia
1274 1625 1302 1687 ei

206 1755 342 1796 aservo
365 1732 531 1819 supposita
561 1720 782 1815 cxcitateratp
800 1733 833 1796 in
863 1733 1103 1796 matrimonium
1133 1735 1303 1797 ducturum

209 1863 290 1925 esse,
322 1842 355 1906 ni
387 1841 502 1924 filium,
531 1841 585 1924 qui
616 1850 663 1904 est
687 1841 935 1928 Stratippocles,
968 1852 1183 1906 revereretur.
1207 1841 1251 1924 II,
1276 1846 1304 1907 l.

52 1960 55 1966 ’
109 2020 111 2025 ,
209 1950 333 2018 Suadet
354 1949 668 2034 igiturApoccides‚
691 1961 726 2013 ut
749 1950 852 2014 filium
878 1951 910 2013 in
933 1951 1138 2014 matrimonio
1154 1953 1304 2032 collocet,

198 2059 355 2145 -idaquo'd
370 2058 603 2142 ÷etiam⁸magis
631 2061 669 2121 bo
693 2059 907 2140 commendat,
932 2058 1019 2141 quod
1034 2058 1125 2123 illum
1140 2059 1303 2125 fidicinam

203 2168 359 2254 -eliqnemr
375 2167 526 2252 deperire
549 2152 932 2234 audive1·it‚²2Audit÷boc
952 2166 1106 2254 Epidicus
1128 2168 1303 2254 ariditoque

201 2279 460 2343 stetimusurus
489 2298 584 2342 senes
604 2277 758 2364 appellat
789 2287 964 2361 narratque
992 2278 1105 2363 plenas
1134 2299 1204 2342 esse
1226 2280 1303 2343 rias

201 2385 405 2450 fmilitu'mex
422 2385 511 2449 bello
525 2384 648 2449 Thebis
664 2385 891 2467 redeuntium
917 2386 1032 2469 quibus
1049 2387 1134 2449 inter
1150 2392 1301 2471 magnum

204 2495 420 2559 meretricum
430 2515 606 2558 vnumerum
622 2495 749 2557 ebriam
759 2495 974 2557 ivisse'otiam
992 2494 1079 2557 erilis
1091 2495 1139 2557 fili
1155 2496 1302 2559 amicam.

202 2603 384 2673 ,Ibi-seren
407 2602 598 2666 mulieribus
622 2603 813 2687 quibusdam
838 2600 1000 2668 audivisse
1028 2603 1067 2667 ad
1093 2604 1302 2670 meretricem

202 2712 299 2777 illem
317 2727 343 2776 ‘a‘
360 2712 583 2799 Stratippocle
607 2712 743 2776 tabellas
765 2713 889 2776 adlatas
912 2735 993 2792 esse,
1018 2713 1133 2796 quibus
1155 2713 1212 2777 ille
1232 2736 1304 2799 pro-

200 2821 364 2902 mitteret,
380 2843 429 2885 -se
448 2815 580 2885 adeam
605 2820 806 2889 liberandam
832 2832 1005 2908 argentum
1027 2821 1150 2886 Thebis
1171 2823 1305 2886 faenore

205 2941 371 3019 sumptum
397 2933 538 2996 laturum
564 2952 645 2996 esse.
677 2930 745 2993 Iam
769 2930 870 3014 igitur
889 2932 1049 3015 soniquid
1066 2930 1304 2997 iaciatincerto

206 3038 263 3102 dat
281 3039 339 3102 ill'e
355 3038 538 3122 consilium,
559 3047 594 3101 ut
609 3038 834 3124 mulierculam
852 3037 957 3120 istam,
974 3038 1040 3102 nali
1059 3039 1304 3122 corruptricem,

108 3148 109 3153 ’
204 3155 462 3236 praemercetur,
484 3158 517 3212 et
539 3148 670 3234 quidem
696 3159 859 3234 tamquam
882 3149 914 3212 in
931 3148 1118 3212 libertatem
1134 3157 1230 3232 atque
1245 3167 1306 3230 pcr

207 3251 436 3341 internuntios,
461 3280 502 3321 ne
524 3259 630 3345 ipsum
653 3281 721 3323 rem
743 3266 897 3342 egentem
920 3257 966 3322 fili
988 3279 1082 3322 causa
1103 3256 1212 3320 facere
1230 3255 1304 3318 leno

203 3364 390 3450 suspicetur
414 3375 554 3428 ‚stream
584 3365 630 3427 ob.
654 3364 867 3448 suspitionem
899 3362 1112 3425 difficultates
1144 3360 1304 3424 eveniant.

201 3473 393 3559 Argentum
418 3508 457 3519 ἡ
481 3473 624 3559 postulat
646 3493 725 3536 vero
748 3471 788 3535 ad
812 3469 1027 3556 quadraginta
1050 3468 1152 3532 minas
1170 3506 1202 3513 -
1217 3468 1302 3532 Rho-

205 3584 296 3647 dium
314 3582 482 3669 quendum
505 3583 641 3646 militem
665 3581 815 3645 fidicinas
838 3579 925 3644 illius
951 3590 984 3643 et
1007 3578 1113 3664 ipsum
1142 3586 1304 3641 amantem

206 3692 593 3758 lubentersredditurum
616 3712 697 3756 esse.¹
741 3691 801 3756 ltei
831 3689 932 3774 igitur
963 3686 1129 3774 gerendae
1164 3685 1304 3774 Epidico

203 3794 339 3868 auctore
361 3803 550 3888 Apoecides
575 3800 769 3889 praeficitur,
794 3799 848 3887 qui
871 3798 922 3862 vir
939 3798 1009 3861 iura
1026 3806 1058 3859 ct
1076 3796 1168 3879 leges
1184 3805 1305 3876 teneat,

204 3910 397 3996 eique-ipse
421 3933 457 3975 se
480 3912 593 3975 servus
617 3910 737 3974 callide
765 3909 886 3973 socium
909 3906 1067 3992 adiungit.
1113 3907 1225 3990 Atque
1246 3904 1305 3968 ille

205 4018 372 4082 inrforum
393 4019 556 4105 ebit,·quo
570 4039 606 4083 sc
621 4018 792 4105 Epidicum
810 4016 900 4101 sequi
916 4017 1015 4081 iubet.
1039 4014 1127 4096 11,2.
1148 4016 1182 4080 Is
1196 4022 1304 4092 autem
1416 4032 1421 4040 ¹

205 4130 379 4212 argentum
404 4125 635 4215 aPeriphane·
649 4125 713 4191 sibi
741 4124 896 4189 traditum
921 4124 961 4188 ad
988 4124 1102 4188 erilem
1124 4123 1227 4188 filiurn
1250 4119 1303 4182 de·

204 4238 294 4322 berre
307 4240 353 4302 et
371 4236 537 4324 Apoecidi
553 4234 928 4320 conductam-aliquam
941 4236 1124 4316 lidicinann
1141 4251 1240 4315 quae
1271 4250 1306 4294 sc

402 4352 414 4397 r
