2858 4816
739 281 760 346 b

202 471 360 560 pitionem
382 469 476 533 istam
500 468 693 541 ostendebat
715 489 822 555 neque
847 467 999 532 iam‘ulla
1016 464 1303 550 erateeusa‚'qnin

203 582 275 668 ipso
298 579 501 666 Periphanes
523 586 695 662 argentum
720 577 845 641 lenonis
869 576 1017 641 manibus
1035 574 1195 641 traderet.
1241 573 1301 641 At-

204 712 268 777 que
292 711 334 753 ne
357 688 427 753 fiori
452 687 582 771 quidem
603 687 685 751 illud
708 688 742 752 in
765 686 874 752 fabula
896 685 952 750 vix
974 694 1023 749 est
1038 683 1125 770 qnod
1140 702 1300 748 moneam.

178 777 184 787 ι
203 799 289 866 Num
307 798 407 882 igitur
421 798 504 862 hane
518 796 551 859 in
571 808 703 882 poetam
722 796 849 882 culpam
875 794 1025 861 conferes
1042 789 1301 876 eumque'levius

195 888 273 973 'rem
305 929 396 971 suam
430 906 571 990 gessisse
597 905 798 969 contendes?
833 904 997 988 Equidem
1021 902 1169 967 librarios
1195 900 1302 988 potius

204 1018 315 1104 culpe,¹
336 1015 487 1081 Plautum
511 1014 664 1078 verosic
684 1013 851 1098 scripsisse
874 1013 1036 1099 suspicor:
1108 1022 1110 1026 ’
1190 997 1193 1004 ¹

293 1107 364 1212 dgo
388 1127 480 1190 illum
505 1125 629 1209 quoiast
651 1124 843 1188 conveniam
866 1133 962 1208 atquo
985 1121 1145 1186 adddcam
1174 1123 1240 1184 buc
1262 1120 1304 1184 ad

1025 1240 1057 1294 te
1075 1229 1261 1296 fidicinem.

291 1345 467 1410 Difficilior
488 1345 527 1408 ad
553 1344 762 1410 iudicandum
785 1341 912 1428 Epidici
938 1351 986 1407 est
1005 1341 1045 1404 de
1057 1363 1142 1404 novo
1155 1362 1212 1403 suo
1226 1338 1303 1405 dolo

206 1454 247 1520 ad
267 1454 495 1531 adolescentes
518 1452 671 1533 narratio,
705 1474 786 1537 quae
811 1473 1004 1534 quamquam
1026 1449 1144 1515 multos
1172 1447 1305 1512 vexavit

205 1561 414 1650 interpretes,
437 1562 622 1627 etiamnunc
648 1561 803 1627 mendosa
828 1570 885 1639 est,
920 1560 1078 1645 Legimus
1101 1559 1188 1623 enim
1204 1549 1304 1639 111st

205 1670 283 1737 inde
304 1695 322 1735 a
344 1695 374 1737 v.
395 1671 448 1736 18:

214 1836 216 1841 ·
292 1796 389 1862 Nunc
414 1798 532 1860 iterum
565 1805 599 1859 ut
627 1795 759 1859 fallatur
789 1805 881 1882 pater
904 1793 1038 1881 tibique·
1060 1793 1215 1857 adnilinrn
1249 1790 1304 1856 od-

1121 1894 1266 1989 pareturss

292 2015 420 2080 Inveni..
464 2014 548 2079 Nam
578 2014 622 2079 ita
650 2017 737 2077 suasi
768 2013 837 2077 seni
869 2021 966 2098 atquc
996 2014 1079 2076 hanc
1110 2006 1207 2076 habui
1236 2034 1306 2077 ora·

1044 2155 1050 2166 ·
1097 2121 1263 2205 tionem²)
1363 2203 1370 2221 A

295 2233 343 2302 Ut
364 2236 464 2319 quom
487 2233 627 2299 redisses
648 2213 691 2296 ne
714 2235 770 2298 tibi
794 2232 862 2299 eius
880 2234 975 2320 cdpia
999 2243 1094 2298 esset.
1119 2231 1186 2298 Str.
1200 2232 1304 2316 Euge.

294 2339 352 2429 [lp.
389 2343 435 2407 Ea
467 2342 530 2406 iam
562 2343 681 2408 domist
708 2343 867 2429 profilia.
903 2342 968 2408 Str.
989 2343 1102 2407 Teneo
1122 2341 1184 2428 Ep.
1208 2340 1306 2406 Nune

1058 2461 1223 2515 auctorem
1236 2450 1263 2533 3)

297 2560 400 2624 Dedit
424 2561 502 2625 mihi
524 2561 564 2624 ad
587 2561 672 2624 hanc
693 2583 761 2623 rem
784 2559 996 2647 Apoecidem.
1058 2568 1062 2573 “

209 2669 303 2750 Quae
325 2670 425 2732 verba
449 2670 555 2734 statim
577 2680 713 2756 apparet
743 2672 896 2735 lacunosa
926 2691 1007 2735 esse.
1053 2669 1202 2756 Namque
1233 2692 1308 2756 quo·
1353 2673 1357 2678 ’

208 2781 296 2858 niem
317 2780 455 2842 ariolum
477 2780 577 2844 fuisse
601 2789 633 2842 et
656 2780 766 2844 divine
782 2780 895 2864 spiritu
908 2780 1041 2864 plenum
1055 2780 1308 2866 Stratippoclem

211 2886 368 2951 credibile
390 2911 456 2952 non
478 2899 539 2959 est,
563 2912 626 2953 non
651 2890 755 2975 potnit
776 2891 923 2975 prolecto
946 2913 989 2954 ex
1011 2885 1213 2978 his'Epidiei
1227 2878 1307 2954 'ver-

209 2996 276 3062 bis:
304 2997 360 3061 ‘Ut
384 2992 477 3084 poem
498 2999 637 3060 redisses
661 3022 701 3060 ne
725 2998 787 3061 tibi
808 3000 876 3062 elas
898 3003 994 3084 copia
1017 3001 1108 3062 easer'
1131 2999 1219 3084 quod
1244 3009 1310 3063 lan-

210 3106 284 3170 dem
309 3116 395 3172 esset
419 3106 506 3172 illius
529 3108 699 3173 consilium
723 3109 929 3193 intellegere.
974 3109 1030 3174 Ad
1059 3131 1141 3193 quae
1172 3109 1197 3171 si
1230 3109 1307 3192 quid

213 3215 345 3279 omnino
368 3217 533 3300 cogitavit,
563 3240 601 3281 ca
630 3219 670 3282 ad
699 3221 835 3284 amicam
868 3244 955 3285 snam
981 3221 1104 3287 Thebis
1136 3221 1308 3284 adductam

214 3326 355 3389 referret
377 3346 510 3390 neccsse
534 3335 613 3408 erat,
633 3350 693 3392 nee
714 3339 843 3415 poterat
864 3330 931 3393 ullo
954 3331 1050 3394 modo
1074 3331 1172 3416 ‘eope'
1199 3312 1307 3392 excla-

213 3434 333 3498 mando
359 3435 582 3521 comprobare.
615 3435 686 3500 Nee
701 3438 786 3520 fugit
801 3439 862 3501 hoc
878 3438 966 3502 viros
980 3440 1103 3522 doctos,
1127 3438 1180 3527 qui
1201 3449 1308 3502 tanren

210 3544 244 3608 in
267 3543 345 3609 sedo
367 3544 502 3607 lacunae
525 3544 695 3609 statuenda
717 3555 876 3629 errarunt,
906 3570 979 3611 enm
1011 3557 1083 3636 post
1115 3568 1244 3612 versum
1269 3547 1311 3611 ‘20

214 3652 346 3717 demum
371 3652 528 3736 quaedam
557 3654 718 3720 excidisse
741 3657 984 3722 arbitrarentur.
1029 3657 1077 3722 Eo
1109 3657 1142 3721 in
1174 3678 1308 3721 numero

284 3905 312 3973 2)
329 3905 433 3960 Inveni.
443 3904 529 3959 Nam:
547 3906 578 3959 M
596 3906 624 3974 (i.
638 3924 661 3962 e.
672 3908 740 3962 dass.
759 3909 893 3979 scriptor)
910 3910 1048 3963 inveniam
1063 3909 1220 3964 vitiaverat
1236 3910 1308 3964 iam:

212 4001 363 4063 Acidalius,
381 4001 508 4065 Bothum,
527 4002 653 4058 Iacobus.

284 4099 311 4164 3)
328 4097 384 4150 Pro
403 4097 472 4152 filia:
492 4098 581 4163 aeid„
599 4100 720 4165 Brixius,
742 4099 959 4154 euenerant.
979 4116 1006 4168 p.
1021 4102 1061 4163 17,
1082 4099 1160 4152 cuius
1180 4097 1309 4152 emenda·

214 4196 299 4251 tioms
317 4195 353 4249 de
369 4196 488 4249 veritate
507 4213 564 4249 non
582 4195 690 4253 dubito.
711 4198 774 4253 VR:
797 4203 853 4268 ‘pro
869 4198 932 4252 ullo’
951 4213 1007 4251 non
1023 4197 1062 4253 'ah
1080 4195 1178 4251 eodem
1198 4212 1290 4250 manu.
