2858 4816
673 316 693 380 3

134 496 276 588 emptam
290 502 432 584 simulet,
445 495 619 567 ostendere
633 498 813 584 constituit3
837 501 988 565 lenonem
1001 500 1099 584 enim,
1111 498 1233 589 quippe

135 612 184 674 cui
212 633 316 699 nuper
338 633 397 696 pro
411 609 666 696 Acropolistide,
690 610 798 696 priore
811 609 867 674 illa
879 608 1233 697 Stratippoclisamica,

135 720 308 806 pecuniam
328 719 468 798 dederit,
501 716 526 783 si
551 720 604 805 qui
630 740 704 782 curn
728 719 945 803 interrogent,
970 739 1005 781 sc
1030 719 1069 783 ab
1091 717 1233 806 Epidico

135 838 306 914 argentum
340 829 508 912 accepisse
542 826 775 892 affirmaturum
812 848 893 892 esse.
936 826 981 908 II,
1003 828 1034 891 3.
1063 827 1232 910 111,1,2.

84 992 87 999 .
134 936 278 1000 Lenonis
302 946 411 999 tamen
433 936 465 998 in
487 935 559 1021 ipsa
581 957 679 1000 scena
702 936 812 999 nullae
833 944 909 999 sunt
931 943 1059 1020 partes;
1082 934 1233 1000 videmus

134 1055 258 1109 tautum
290 1066 326 1109 re
348 1045 411 1109 iam
434 1053 569 1131 peracta
591 1045 783 1109 conductam
807 1045 896 1108 illam
919 1045 959 1107 ab
982 1044 1152 1129 Apoecide
1176 1044 1231 1108 ad·

136 1154 299 1237 duci,⁴qui
321 1150 462 1238 quidem
478 1154 563 1217 servi
586 1153 794 1240 prudentiam
817 1153 885 1219 soni
910 1174 1079 1240 exponens
1100 1155 1233 1220 summis

135 1262 289 1326 laudibus·
310 1263 414 1326 effert.
451 1263 538 1344 Rem
564 1261 649 1325 enim
677 1263 774 1326 istum
805 1263 887 1326 adeo
910 1271 1015 1326 astute
1045 1262 1233 1346 instituisse,

134 1382 169 1435 ut
189 1393 224 1435 se
247 1381 387 1458 emptam
411 1392 481 1435 esse
504 1395 522 1434 a
542 1393 619 1436 senc
642 1371 774 1436 fidicina
795 1394 929 1458 prorsus
952 1372 1104 1436 nesciret.
1129 1372 1232 1455 111,3.

137 1481 268 1562 Quare
294 1478 468 1566 Periphani
493 1474 623 1544 laetenti
647 1490 679 1542 et
701 1481 875 1542 utilitatem
899 1480 994 1543 amici
1017 1480 1232 1564 astutiamque

56 1635 67 1643 -.
135 1584 340 1674 praedicanti
364 1589 498 1652 aduenit
520 1589 624 1668 miles,
654 1588 710 1650 illc
733 1587 874 1671 quidem,
898 1609 993 1674 quem
1019 1589 1233 1676 Acropolisti-

41 1777 45 1783 Ι
136 1699 184 1761 dis
211 1694 388 1762 amatorem
420 1719 492 1761 esse
523 1700 572 1762 ex'
594 1697 758 1784 colloquio
786 1696 872 1759 servi
906 1718 979 1760 cum
1011 1697 1232 1785 Stratippocle

135 1807 201 1888 Ι,ἱ).
228 1807 420 1872 audivimus.
464 1807 665 1894 Periphanes
694 1816 802 1870 autem
836 1824 909 1870 enm
941 1805 1105 1871 Rhodium
1136 1807 1253 1873 istum-

135 1927 262 2003 putanS,
286 1938 380 2000 quem
406 1915 562 2002 Epidicus
581 1917 754 1980 ementitus
776 1925 854 1997 erat,
883 1925 1054 1999 postquam
1079 1915 1174 1980 miles
1194 1917 1231 1980 'se

136 2027 189 2088 vel
213 2028 384 2109 sexaginta
405 2027 508 2116 minas
530 2047 588 2110 pro
612 2026 716 2089 amica
736 2026 886 2090 daturum
904 2024 996 2105 dixit,
1021 2046 1117 2108 quam
1135 2024 1232 2089 modo

135 2135 347 2220 Apoecides
363 2132 500 2198 adduxit
533 2135 695 2198 fidicinam
726 2134 812 2198 foras
843 2133 999 2220 progredi
1035 2132 1233 2218 iubetque

136 2245 296 2306 factoeta
264 2243 356 2306 tuatim
379 2265 445 2307 nen
468 2265 540 2307 esse
563 2243 646 2306 hanc
673 2243 738 2306 nati
766 2242 901 2305 amicam
923 2266 941 2305 a
964 2241 1066 2306 milite
1088 2241 1232 2305 docetur.

137 2351 320 2416 Confirmat
343 2351 507 2415 haecct'
467 2361 568 2437 ipsa
588 2350 729 2428 fidicina
761 2372 795 2412 se
825 2372 890 2413 non
919 2354 1060 2438 emptam
1082 2373 1154 2416 csse
1175 2350 1233 2415 sed

139 2470 173 2523 ut
195 2461 263 2526 seni
286 2482 355 2527 rem
380 2461 523 2524 divinam
553 2460 684 2523 facienti
715 2459 835 2524 fidibus
864 2469 1009 2524 cautaret
1030 2459 1231 2534 conductam,

136 2570 418 2655 Acropolistidem
442 2581 549 2634 autem
576 2592 685 2633 veram
707 2570 845 2632 anticam
861 2591 1011 2652 -quam
1033 2590 1136 2633 senex
1159 2567 1231 2656 ipse

136 2690 259 2743 emerat
279 2689 312 2742 et
330 2679 424 2762 quasi
442 2680 542 2744 filiam
567 2680 654 2742 demi
676 2680 869 2742 habebat-
887 2679 949 2741 iam
974 2701 991 2740 a
1012 2672 1232 2764 Stratippocle

136 2787 304 2851 liberatam
330 2808 412 2853 esse.
438 2787 503 2871 III,
524 2789 554 2851 4.
588 2787 778 2873 Priusquam
801 2797 911 2850 tamen
934 2806 1036 2851 senex
1048 2786 1088 2849 ad
1104 2808 1232 2850 servum

134 2896 366 2981 nequissimum
389 2897 622 2961 arcessendum
644 2918 775 2961 scenam
799 2897 964 2983 relinquit,
986 2896 1140 2982 Philippa
1158 2916 1230 2980 pro·

136 3005 224 3068 dit
185 3009 316 3091 ‚ipsius
339 3008 499 3093 quondam
522 3008 636 3089 amica,
662 3031 755 3092 quae,
778 3018 814 3070 ut
802 3007 1062 3072 filiamTlrebis
1075 3007 1235 3095 captivam

134 3114 308 3178 abductam
336 3125 517 3214 quaereret,
494 3116 696 3179 ttAhenas
719 3117 818 3179 venit.
863 3115 1077 3198 Cognoscuut
1100 3136 1146 3197 se,
1165 3136 1234 3178 mu-

137 3222 316 3306 liercmque
340 3225 485 3287 consolat
473 3233 527 3288 tur
550 3224 761 3309 Periphanes,
795 3224 916 3312 quippe
944 3225 1031 3310 quod
1052 3224 1152 3288 filiam
1174 3246 1236 3311 per

134 3314 265 3394 servum
298 3353 403 3418 nuper
431 3341 594 3419 repertam
626 3343 832 3420 emptamque
857 3333 944 3399 domi
972 3335 1099 3399 habeat.
1122 3333 1183 3416 IV,
1206 3334 1234 3399 l

136 3441 263 3505 Iamt
230 3441 328 3504 etiam
347 3441 442 3505 hoc
433 3465 466 3506 m
488 3441 622 3527 negotio
646 3444 852 3508 manifestum
873 3443 910 3506 fit
936 3465 1066 3508 servum
1081 3442 1110 3505 ei
1124 3465 1159 3506 os
1177 3441 1234 3504 im
1243 3455 1244 3458 ’

133 3530 369 3636 pudentissimo
383 3550 576 3631 sublevisse‚
595 3550 636 3614 de
658 3574 721 3638 quo
746 3551 866 3616 certior
885 3554 950 3616 fact
938 3562 990 3616 tus
1013 3551 1069 3614 ille
1084 3549 1234 3613 omnibus

135 3659 233 3723 rebu's
248 3659 374 3723 relictis
390 3659 430 3723 ud
445 3659 619 3745 Epidicum
634 3660 895 3727 conveniendum
906 3660 1102 3747 prorumpit.
1080 3658 1188 3743 t,IV
1202 3659 1234 3725 2.

135 3767 231 3834 Nunc
245 3754 386 3833 demum
407 3792 492 3834 nova
505 3769 737 3857 Stratippoclis
755 3760 858 3836 amica
874 3795 892 3834 a
909 3770 1033 3834 danista
1048 3768 1234 3852 adducitur,

136 3870 308 3942 adductam
332 3879 499 3964 Epidicus,
528 3880 582 3965 qui
603 3879 701 3944 modo
724 3880 806 3944 duos
828 3879 1013 3966 decrepitos
1042 3896 1136 3944 senes
1166 3879 1235 3942 lora

135 3997 280 4051 ementes
292 3987 385 4069 vidit,
405 3988 617 4070 Telestidem,
640 3989 868 4078 Stratippoclis
881 4010 1036 4071 sororem,
1062 3988 1235 4075 Philippae

135 4094 247 4176 filiam,
269 4094 428 4179 agnoscit.
455 4095 496 4178 V,
521 4098 547 4160 Ι.
593 4097 668 4179 Qua
691 4117 728 4160 re
750 4098 836 4161 omui
862 4098 930 4163 iam
953 4106 1047 4161 'metu
1078 4096 1235 4167 liberatus

133 4203 189 4268 ubi
212 4224 305 4268 erum·
325 4204 497 4285 convenit:
515 4191 704 4292 quac·=sacta
727 4216 988 4292 sunt-tamquam
1013 4198 1072 4270 sue
1094 4202 1232 4277 conmlie
