2858 4816
697 332 780 396 13·

161 514 281 580 listidis
303 516 423 581 mentio
446 515 529 600 fieri,
553 539 637 603 quae
660 525 729 582 tum
756 538 817 602 pro
839 516 906 582 filia
928 516 1015 581 domi
1037 527 1117 582 crat.
1174 515 1262 598 Quid

162 625 273 710 igitur,
295 625 321 690 si
345 626 378 690 in
409 627 470 690 hae
499 626 666 690 nominum
694 625 906 690 similitudine
938 624 1088 690 librarios
1119 627 1262 691 incuriae

162 754 366 816 accusemne,
398 758 463 798 non
492 737 648 820 poetam?
693 734 749 801 Sic
778 735 856 798 olim
882 734 1101 817 Camerarius,
1128 735 1178 799 vir
1206 735 1262 802 ille

164 843 304 929 simplici
327 866 470 928 veroque
496 844 617 909 iudicio
640 844 791 928 insignis,
816 844 870 928 qui
892 842 1044 909 aut‘sz
1058 843 1262 909 Teleata'dem'

164 952 344 1036 legendum
369 973 440 1017 esso
466 953 592 1017 censuit
614 962 678 1032 aut,
700 953 787 1038 quod
811 963 919 1016 tamen
934 953 1059 1016 nullam
1075 954 1172 1018 habet
1186 974 1260 1038 pro-

162 1060 376 1143 babilitatem,
404 1061 705 1128 ‘Acrotelesta'dem’.
745 1061 845 1129 Cuius
858 1063 1052 1127 sententiam
1073 1063 1261 1148 comproba-

164 1169 209 1232 vit
221 1168 412 1236 Gronovius
434 1172 486 1253 ita,
509 1180 544 1235 ut
558 1172 676 1234 ‘Foras
696 1171 895 1234 'l'elestidem'
917 1171 1013 1238 scribi
1034 1172 1144 1253 vellet,
1166 1172 1262 1256 quod,
1319 1212 1322 1218 ,

164 1277 240 1344 dum
267 1280 452 1346 emendatio
470 1282 569 1346 etiam
603 1281 803 1367 probabilior
831 1280 966 1344 inventa
996 1281 1068 1362 crit,
1102 1280 1261 1366 recipiens

165 1385 243 1452 dum
268 1399 326 1452 est.

249 1545 317 1610 Iam
340 1546 536 1632 gravissima
560 1569 717 1633 quaeque,
748 1569 829 1631 quae
862 1554 973 1611 contra
1006 1546 1148 1610 fabulae
1167 1559 1261 1632 ar'gu-

171 1664 315 1718 mentum
340 1656 475 1739 eiusque
498 1655 653 1720 unitatem
683 1644 895 1744 aut'prolata
928 1665 1003 1719 sunt
1035 1664 1091 1718 aut
1123 1655 1262 1741 proferri

168 1773 329 1847 poterant,
350 1765 376 1826 si
401 1787 453 1828 res
476 1763 569 1829 nobis
592 1764 734 1828 feliciter
757 1766 903 1847 cesserit,
926 1764 1124 1828 sustulimus.
1178 1762 1261 1828 Nam

165 1870 252 1956 quod
276 1874 303 1954 I,
327 1871 356 1953 2,
378 1873 420 1936 50
442 1871 535 1935 miles
560 1860 722 1937 Euboicus
755 1874 948 1960 appellatur,
970 1872 1014 1956 ΙΙ,
1038 1873 1067 1953 2,
1095 1875 1153 1936 llo
1174 1873 1261 1938 Rho·

167 1981 249 2065 dius,
274 1981 307 2045 in
331 1982 392 2045 hoe
418 1981 568 2068 equidem
592 2005 656 2046 non
680 1982 823 2046 offendo.
867 1981 941 2046 Illic
972 1983 1068 2065 enim,
1101 1981 1154 2046 ubi
1189 2006 1260 2046 oum

166 2075 385 2175 Stratippocle
409 2091 563 2174 loquitur,
586 2115 700 2156 servus
723 2115 837 2155 verum
862 2091 950 2174 dicit,
971 2091 1079 2176 itaque
1097 2090 1260 2155 Euboicus

164 2197 269 2279 miles,
289 2199 544 2283 Acropolistidis
571 2210 703 2282 amator,
729 2199 793 2279 III,
814 2199 845 2283 4,
868 2199 908 2261 ad
932 2200 1066 2262 amicam
1093 2197 1263 2262 emendam

164 2305 198 2370 in
221 2317 352 2371 socnam
375 2308 503 2393 prodit3
535 2309 586 2372 bio
610 2331 686 2372 vero
711 2317 824 2373 contra
848 2331 940 2372 senes
966 2306 1136 2372 mendacia
1157 2306 1264 2372 fundit

164 2417 251 2480 veris
273 2438 350 2481 sene
370 2417 544 2502 permixta,
564 2418 624 2482 'sed
646 2430 752 2482 tamen
777 2442 840 2481 non
864 2416 1011 2505 amplius,
1032 2412 1127 2504 quam
1148 2406 1263 2481 iurem

166 2533 213 2588 est
238 2524 452 2608 consilioque,
478 2513 569 2610 quod
588 2525 734 2609 instituit,
768 2527 938 2609 eonvenit3‘
969 2512 1024 2589 ubi
1062 2514 1149 2590 enim
1180 2512 1263 2589 coui-

163 2633 259 2698 modo
290 2643 347 2716 est,
376 2635 553 2718 mentitur,
570 2637 659 2698 velut
683 2636 728 2717 Il,
749 2638 769 2698 2
791 2661 820 2698 v.
844 2636 894 2712 67,
918 2659 946 2699 v.
968 2631 1018 2698 87.
1072 2630 1263 2699 Conseden'·

163 2746 240 2808 dum
265 2765 342 2808 sane
366 2744 428 2807 hoo
453 2753 511 2825 est,
534 2744 702 2831 adipsum
726 2743 836 2806 dolum
850 2745 947 2830 plano
964 2742 1045 2807 nihil
1067 2743 1264 2826 interfuisse,

168 2874 322 2916 verumne
343 2874 384 2914 an
399 2850 661 2915 commenticium
674 2873 792 2914 nomen
816 2853 947 2917 senibus
973 2866 1170 2917 memoraret
1188 2834 1263 2940 Epi-

166 2962 268 3045 dieuS,
291 2984 364 3026 eum
389 2961 416 3025 is
449 2963 597 3046 profecto
629 2959 711 3023 nihil
742 2959 847 3024 minus
881 2955 1004 3046 ageret,
1035 2974 1130 3045 qua‘m
1160 2971 1196 3025 ut
1226 2982 1262 3025 re

164 3093 241 3133 vera
267 3070 405 3134 militem
429 3070 469 3132 ad
500 3078 672 3152 argentum
697 3067 873 3156 Periphani
897 3094 955 3157 pro
973 3070 1105 3135 fidicina
1120 3068 1261 3133 redden-

166 3176 241 3238 dum
264 3177 453 3240 adduceret.
489 3176 544 3239 Ad
568 3185 670 3238 artem
693 3185 802 3238 tamen
825 3176 909 3239 bene
935 3178 1011 3240 mihi
1033 3178 1095 3241 hoc
1120 3177 1184 3241 alio
1207 3170 1273 3241 no'-v

165 3285 252 3348 mine
278 3284 451 3349 substituto
474 3307 540 3348 rem
563 3307 652 3348 suam
681 3295 777 3372 poeta
810 3285 1088 3350 administravisse
1123 3286 1263 3368 videtur,

166 3395 286 3483 quippe
320 3417 384 3480 quo
414 3396 549 3459 artificio
581 3405 721 3476 caveret,
756 3419 797 3460 nc
830 3397 914 3461 servi
951 3396 1082 3459 historia
1112 3395 1263 3459 mendaci

165 3507 308 3590 speciem
341 3505 437 3570 nimis
468 3506 632 3569 amitteret
654 3505 794 3588 ideoque
828 3506 884 3569 has
913 3527 1025 3569 omnes
1057 3526 1128 3568 esse
1158 3527 1264 3569 moras

165 3614 312 3680 fallacias
341 3623 539 3702 spectatores
564 3613 844 3678 obliviscerentur.

171 3855 174 3862 A
250 3772 321 3836 Nec
352 3772 648 3858 magisLadewigi
672 3773 832 3836 sententia
856 3793 894 3835 co
925 3772 1081 3850 firmatur,
1114 3769 1200 3856 quod
1233 3779 1266 3832 ct

165 3909 206 3950 ex
226 3894 287 3951 act.
302 3886 351 3950 IV
366 3908 410 3949 sc.
424 3884 459 3950 ΙΙ
480 3894 619 3949 exeunte
642 3894 673 3948 et
695 3907 737 3947 ex
759 3883 852 3946 initio
875 3883 1007 3946 alterius
1030 3892 1089 3945 aot.
1106 3881 1133 3941 V
1149 3903 1264 3945 scenae

164 4005 301 4083 apparet
331 4016 472 4076 servum,
503 4016 570 4057 non
593 3991 804 4074 Telestidem,
837 3993 1007 4057 asenibus
1041 4001 1130 4056 tanto
1164 4011 1263 4079 opere

165 4103 345 4191 quaesitum
369 4124 449 4179 esse,
474 4124 569 4168 versu
597 4113 704 4167 autem
735 4096 917 4189 postremae
946 4102 1041 4167 huius
1069 4122 1184 4166 scenae
1207 4099 1260 4180 54,

165 4213 219 4300 qui
243 4213 297 4278 hic
321 4221 370 4276 cst
393 4233 434 4275 ex
457 4211 539 4276 VR:
