2858 4816
696 305 734 369 16

163 485 265 571 ipsam
290 485 404 551 consili
431 508 525 573 quam
558 485 723 551 indixerat
756 489 917 553 actionem
954 488 1164 554 desiderabis.
1208 489 1262 555 Ri-

164 594 309 659 diculum
332 595 419 659 enim
441 607 490 659 est
512 605 586 659 ante
608 618 677 660 rem
700 598 838 680 aliquam
871 598 971 662 inulta
1000 598 1152 685 praefari,
1187 607 1264 683 post

165 726 234 767 rem
259 704 361 791 ipsam
385 705 534 768 intactam
556 704 752 788 relinquere.
797 707 909 792 Atque
944 705 1177 771 offendendum
1212 716 1262 768 est

163 811 260 875 etiam
283 812 316 875 in
339 813 508 898 praecipiti
533 814 572 877 ab
593 813 695 876 altera
719 813 759 876 ad
776 813 912 900 primam
926 837 1098 901 personam
1112 813 1261 878 transitu.

163 919 246 983 Nam
270 920 329 984 etsi
354 920 453 982 ‘milei’
476 922 557 984 illud
579 945 608 985 v.
622 922 663 984 ee
687 923 845 1007 probabili
867 932 991 986 tantum
1012 924 1199 987 coniectura
1211 922 1260 985 in·

163 1037 289 1091 vectum
312 1038 370 1110 est,
403 1028 586 1113 imperativi
610 1030 642 1110 ίι’,
664 1032 685 1106 i,
709 1029 783 1112 aar,
809 1051 888 1112 quos
912 1055 930 1093 a
952 1029 1168 1116 typographis
1191 1053 1259 1094 non

162 1137 259 1221 plene
284 1146 433 1201 exaratos
457 1158 528 1199 esse
543 1138 666 1201 Parcus
686 1138 890 1222 lamentatur,
907 1160 1013 1221 neque
1032 1139 1137 1203 minus
1157 1138 1260 1202 verba

161 1246 229 1311 ‘da'c
252 1247 325 1312 iona’
350 1247 463 1310 vitiosa
487 1257 569 1327 sunt,
592 1258 627 1310 ut
650 1259 681 1311 et
706 1269 765 1333 per
788 1271 821 1311 se
843 1248 993 1333 intellegi
1017 1257 1145 1334 potera-t
1164 1261 1199 1312 et
1219 1270 1262 1313 ex

162 1355 378 1421 Ambrosiano
397 1355 455 1441 (R)
475 1365 600 1420 constat
622 1356 692 1419 ‘ibo'
717 1365 749 1419 et
768 1356 894 1420 ‘dicam’
919 1360 1133 1438 tarantasia
1146 1335 1263 1420 ‘introT

165 1465 366 1548 glossemate
389 1465 491 1528 eiecto
515 1487 628 1529 versus
652 1464 844 1530 scribendus
867 1465 927 1529 sit:
1007 1511 1008 1516 η
1084 1514 1087 1520 .

178 1626 181 1633 .
225 1564 428 1658 -'Ibc-atque
452 1573 654 1638 adulescenti
680 1573 782 1637 dicam
816 1577 934 1638 nostro.
950 1573 1021 1637 erili
1045 1574 1123 1640 filie.
1163 1649 1166 1655 ¹

162 1684 221 1751 Ad
240 1706 324 1767 ¹quac
348 1684 564 1748 certissimum
584 1685 646 1747 hoe
666 1685 793 1747 accedit
815 1685 855 1747 ad
879 1684 1083 1748 indicandam
1113 1685 1260 1748 lacunam
1338 1677 1341 1681 ¹

162 1802 402 1876 argumentum,
424 1792 510 1876 quod
526 1794 627 1857 verba
647 1795 701 1856 ‘ad
721 1798 856 1856 carradam
873 1795 991 1856 aenam*
1013 1794 1083 1878 (nd
1101 1795 1260 1859 cundum:

165 1902 239 1983 AR)
262 1901 297 1966 in
318 1901 369 1982 iis,
393 1923 474 1984 quae
491 1924 585 1966 inune
606 1901 814 1982 antecedunt,
837 1903 933 1986 plane
957 1925 1021 1967 non
1043 1902 1173 1982 habent,
1195 1923 1260 1985 quo

164 2010 357 2075 referantur.
402 2009 494 2074 Nihil
523 2032 600 2073 sane
630 2009 758 2075 facilius
788 2011 827 2074 ad
858 2010 1066 2073 mutandum:
1097 2031 1155 2075 seu
1186 2032 1261 2074 cum

161 2119 315 2184 Acidalio
338 2119 394 2183 ‘Aa
420 2119 557 2182 tandem’
583 2120 767 2204 scribimus,
797 2142 854 2183 seu
888 2119 985 2183 Bothi
1014 2119 1258 2182 ‘Adeundamst’

162 2239 226 2293 aut·
241 2229 365 2292 Weisei
388 2229 632 2292 ‘Aaidendarnst’
657 2229 881 2316 praeferimus.
915 2227 1078 2294 Sedcum
1103 2228 1187 2292 duae
1208 2249 1260 2290 re·

164 2339 272 2423 liquae
299 2337 494 2400 offensiones
517 2339 560 2400 ita
582 2361 648 2402 non
671 2339 835 2419 tollantur,
864 2337 944 2400 nihil
966 2337 1153 2400 mutandum
1176 2337 1261 2401 duee
1362 2413 1365 2419 ,

160 2443 222 2527 sed
244 2445 395 2508 laounam,
414 2465 532 2507 censeo
557 2456 633 2508 ante
656 2444 971 2510 abominandam
1002 2436 1082 2511 csse.
1127 2443 1263 2509 Scilicet

161 2551 336 2637 Epidicum
359 2552 464 2617 varias
494 2552 632 2636 argenti
653 2553 840 2617 excutiendi
865 2553 1050 2616 occasiones
1075 2552 1262 2638 circumspi-

163 2663 304 2726 cientem
329 2670 377 2725 sat
399 2659 555 2725 credibile
575 2671 623 2725 est
642 2661 810 2725 meliorem
830 2662 953 2726 nullam
968 2661 1141 2745 invenisse,
1166 2684 1261 2747 quarn

161 2771 336 2835 utiterum
360 2769 393 2834 in
417 2771 530 2855 ipsum.
546 2792 637 2834 erum
659 2772 822 2835 machinas
845 2794 918 2834 suas
942 2769 1091 2854 ictusque
1113 2770 1261 2835 intende·

130 2941 132 2945 ,
161 2878 361 2959 ret,1«Quem
376 2900 449 2941 eum
470 2888 686 2961 permoveret,
710 2886 746 2940 ut
757 2879 890 2941 amicam
903 2878 970 2942 nati
983 2889 1146 2960 tamquam
1159 2877 1260 2963 ipsius

161 2986 259 3052 filiam
283 2996 416 3058 emeret,
446 2996 583 3072 argento
606 2987 667 3050 iam
692 2988 963 3069 circumduxerat,
995 2997 1030 3050 ut
1051 2987 1125 3050 hinc
1143 2984 1262 3070 reibe,

158 3105 460 3182 quaeisequuntur,
478 3074 606 3160 facilem
628 3096 786 3160 haberent
797 3096 1006 3182 explicatum.

248 3205 325 3270 Act.
339 3204 383 3285 II,
406 3205 480 3268 sc?
510 3204 601 3269 initio
633 3216 707 3291 post
729 3205 858 3292 Epidici
879 3207 978 3269 verba
999 3204 1261 3270 adolescentibus

163 3322 285 3378 tanturn
307 3323 352 3376 et.
370 3313 607 3398 spectatoribus
638 3313 747 3376 audita
778 3335 891 3378 senum
925 3314 965 3376 de
995 3313 1128 3377 alterius
1158 3333 1259 3376 uxore

161 3421 360 3505 colloquium
382 3420 443 3483 ista
466 3418 594 3506 Epidici
619 3422 766 3485 oratione
789 3422 1004 3506 interruptum
1028 3421 1075 3487 sie
1098 3419 1256 3486 continua-

162 3543 214 3597 tur
236 3555 266 3595 vb
285 3531 323 3596 6:
389 3582 395 3595 ..
722 3523 724 3528 ¹

247 3642 310 3726 Ap.
355 3639 521 3705 Continuo
545 3650 580 3702 ut
603 3641 736 3702 maritus
760 3640 824 3704 fiat.
871 3640 926 3703 Pe.
951 3639 1065 3703 Laride
1089 3637 1261 3703 consilidm

169 3804 172 3811 .
786 3757 789 3761 ’
1117 3757 1217 3815 tuum.

162 3858 228 3925 Ubi
264 3858 333 3922 iure
368 3859 505 3923 offendit
542 3858 757 3943 Ladewigius,
793 3859 846 3944 qui
879 3858 1008 3941 quidem
1040 3859 1101 3922 hae
1132 3876 1260 3942 quoque

157 3967 345 4030 offensione
368 3967 407 4030 ad
427 3968 678 4030 ¹contaminatam
701 3967 841 4030 fabulam
866 3966 1080 4031 evincendam
1100 3989 1178 4032 nsua
1202 3974 1260 4031 est.

162 4075 229 4144 Sed
253 4076 383 4139 omnino
406 4076 445 4140 in'
462 4097 559 4140 scena
580 4076 650 4139 lieri
673 4077 789 4158 nequit
811 4075 1008 4158 neque-ullo
1022 4076 1095 4141 loco
1109 4100 1128 4140 a
1143 4074 1261 4138 Plauto

155 4174 208 4252 'sit
220 4178 412 4250 institutum
443 4195 502 4268 est,
530 4193 567 4248 ut
599 4183 799 4269 colloquium
831 4182 974 4271 aliquod,
1000 4176 1056 4249 ubi
1079 4207 1098 4246 a
1117 4205 1259 4273 persona
