2866 4816
641 697 696 765 ΙΙ.

497 871 570 954 De
608 870 841 956 lacunis

209 1235 365 1317 Quamvis
387 1256 523 1319 sagaces
546 1244 579 1296 et
598 1233 733 1298 subtiles
756 1233 995 1298 existimatores
1018 1235 1052 1299 in
1073 1236 1216 1320 ai-ngulis

124 1343 328 1431 explicandis
350 1343 498 1408 nonnulli
519 1365 561 1407 ex
584 1342 690 1406 Plauti
714 1342 947 1431 interpretibus
977 1365 1049 1408 sese
1070 1355 1217 1430 praesta·

123 1463 206 1535 rent,
237 1453 271 1517 in
291 1452 486 1537 corruptelis
511 1461 565 1516 aut
586 1450 892 1536 interpolationibus
913 1462 968 1516 aut
990 1452 1117 1518 lacunis
1139 1455 1217 1521 ortis

123 1583 190 1626 non
212 1563 328 1628 eodem
351 1561 473 1625 iudicio
496 1561 545 1624 usi
568 1561 746 1644 quamlibet
758 1561 864 1648 potius
879 1562 1102 1627 toleraverunt
1115 1564 1218 1628 offen-

123 1670 258 1753 aionem,
282 1693 378 1756 quam
399 1680 435 1735 ut
454 1669 577 1754 aliquid
601 1671 642 1734 ad
664 1670 821 1734 honorem
843 1682 959 1756 poetae
984 1674 1221 1738 restituendum

122 1780 292 1845 auderent,
313 1779 353 1844 In
374 1779 435 1843 hoc
457 1799 581 1862 genere
605 1787 716 1842 nostra
739 1777 877 1842 demum.
892 1788 997 1843 aetate
1010 1779 1222 1845 Plautozsub·

125 1898 347 1954 ventum.eat.
400 1887 469 1954 Sed
502 1888 663 1972 quoniam,
694 1897 964 1973 qantumcunque·
989 1888 1129 1953 comicae
1160 1889 1221 1955 Ro·
1309 1943 1311 1947 ,

126 2021 296 2064 manorum
323 1998 431 2085 poesis
459 1996 608 2062 condicio
638 2020 680 2061 cx
703 1997 923 2062 Ritscheliana
944 1995 1051 2060 Plauti
1083 1996 1223 2061 editione

124 2117 277 2194 promota
296 2115 345 2171 est
366 2115 399 2170 et
419 2106 453 2170 in
476 2106 591 2170 melius
624 2115 831 2188 commutata,
865 2106 890 2167 si
922 2127 971 2188 ea,
1000 2127 1083 2189 quae
1111 2107 1224 2170 natura

126 2215 280 2279 universa
307 2225 393 2297 aunt,
427 2215 565 2296 amittae,
589 2213 745 2300 Epidicus
769 2214 879 2277 fabula
901 2214 934 2278 in
955 2214 1065 2300 paucis
1094 2222 1219 2278 tantum

128 2323 372 2389 saluberrimam
400 2324 550 2389 fortunae
574 2325 858 2389 commutationem
892 2333 1036 2410 experta·
1064 2333 1137 2404 eat,·.
1154 2347 1219 2389 non

128 2431 289 2496 mirabere
310 2431 344 2498 in
364 2432 485 2516 sabula,
521 2455 618 2518 quam
641 2433 826 2498 lacunosum
849 2455 925 2498 esse·
943 2433 1094 2497 evincere
1118 2433 1223 2517 liceat,

130 2540 222 2605 nulla
246 2542 314 2606 fere
337 2543 474 2631 reperiri
498 2544 532 2608 in
555 2521 646 2608 libris
670 2543 859 2609 lacunarum
884 2542 1026 2629 signa¹).
1059 2541 1224 2622 Quamob-

128 2673 196 2715 rem
221 2675 295 2717 cum
319 2652 360 2715 ad
383 2651 548 2736 integrum
571 2662 604 2716 ct
621 2654 774 2716 intactum
789 2652 894 2716 adhuc
917 2652 1022 2716 locum
1036 2649 1222 2736 adgrediar,

127 2760 280 2846 graviora
307 2770 432 2824 tantum
464 2770 497 2825 et
527 2784 609 2848 quae
642 2771 807 2848 tamquam
836 2761 871 2825 in
905 2762 1018 2826 oculos
1047 2769 1224 2823 occurrunt

126 2891 318 2956 persequar,
348 2869 534 2936 difficiliora
559 2871 719 2956 quaedam
750 2880 782 2932 et
814 2871 919 2954 magis
946 2870 1070 2934 incerta
1092 2867 1221 2932 silentio

127 2977 332 3044 transiturus.

212 3086 239 3167 I,
262 3087 292 3170 2,
317 3088 367 3153 59.
399 3088 556 3176 Epidicus
581 3099 751 3176 postquam
772 3086 900 3172 argenti
923 3084 1134 3171 comparandi
1158 3106 1226 3149 mu·

128 3216 189 3258 nus
211 3197 362 3282 suscepit,
386 3198 648 3263 adolescentibus
670 3198 755 3262 intro
778 3196 884 3260 missis
908 3202 1054 3258 senatum
1077 3192 1225 3258 consilia-

127 3302 222 3386 rium,
245 3315 281 3369 ut
304 3306 383 3372 dicit
406 3330 435 3370 v.
450 3307 501 3390 56,
517 3309 550 3372 in
578 3308 676 3372 corde
697 3317 864 3372 convocat.
900 3305 970 3372 Nec
991 3326 1069 3369 sane
1095 3303 1223 3386 desunt,

129 3412 246 3498 quibus
273 3437 309 3479 ae
330 3415 401 3502 ipse
422 3426 497 3481 ante
520 3418 691 3483 consilium
713 3416 752 3480 ad
778 3427 910 3479 strenue
933 3414 1097 3500 agendum
1117 3413 1226 3476 horta·

129 3528 181 3584 tur
198 3521 243 3600 (r.
257 3523 408 3608 58-59),
428 3548 511 3610 quae
526 3535 634 3590 tamen
652 3549 725 3591 cum
750 3525 901 3590 continuo
926 3532 1078 3607 sequatur
1101 3531 1226 3586 certum

130 3630 302 3695 consilium
326 3655 356 3698 v.
377 3633 434 3696 60:

215 3729 259 3808 dt
282 3740 422 3807 eundem
446 3764 556 3807 senem
583 3745 775 3828 oppugnare
787 3743 944 3806 certumst
960 3738 1129 3805 consilium
1142 3737 1229 3804 mihi.

203 3944 228 4013 1)
244 3943 286 3997 Ne
306 3943 374 3998 haec
395 3944 438 4009 iis,
465 3961 535 4013 quae
559 3962 645 4014 supra
669 3943 703 3998 de
728 3941 887 4013 argumenti
910 3941 1076 4012 integritate
1100 3939 1229 4007 disserui,

128 4059 286 4112 repugnare
307 4045 400 4110 putea,
424 4042 537 4111 Epidici
556 4043 671 4097 lacunae
690 4058 747 4095 non
765 4041 818 4095 nisi
842 4039 1069 4125 aliquot-scenae
1087 4037 1231 4093 versiculis

127 4139 310 4194 continentur
327 4137 424 4208 itaque
443 4143 508 4192 sunt
525 4142 713 4211 comparatae,
732 4141 763 4191 ut
780 4136 855 4190 nulla
872 4136 961 4205 ipsius
979 4135 1097 4190 actionis
1108 4152 1174 4204 pars
1184 4133 1232 4215 de-

128 4232 277 4289 rideretur.
1148 4224 1153 4233 '
1186 4226 1191 4234 '
