2858 4816
663 303 684 366 5

126 484 349 551 doctissimum
371 485 562 572 impugnem
587 486 664 550 mihi
686 488 852 575 proposui,
876 487 934 553 sed
950 496 986 551 ut
1002 485 1226 574 quaestionem

128 598 168 660 ad
193 596 301 661 crisim
325 596 455 661 fabulae
480 597 717 680 gravissimam,
739 597 765 660 si
779 592 852 662 fieri
872 607 988 684 potest,
1011 597 1177 663 absolvam
1193 598 1225 672 l).

210 706 321 788 Atque
347 705 468 792 primos
494 705 528 768 in
552 728 688 770 examen
705 728 785 770 voco
799 729 913 770 versus
939 705 1025 790 lar,
1047 705 1223 770 loe-109:

213 815 277 902 Ap.
322 793 455 901 Epidico
478 815 598 879 habeas
621 815 770 901 gretiam.
810 816 870 903 Ep·
896 816 961 882 Sed
986 836 1050 899 ego
1073 818 1156 879 istuc
1181 818 1225 880 fa-

962 925 1044 989 ciam
1068 924 1183 989 sedulo

213 1008 285 1116 ligo
308 1030 400 1094 illurn
425 1031 616 1095 conveniam
645 1037 741 1119 atque
764 1032 922 1097 adducam
947 1033 1009 1096 huo
1032 1031 1072 1096 ad
1094 1042 1125 1096 te
1150 1053 1226 1118 quo-

303 1136 314 1158 ‘
969 1142 1031 1205 iast
1051 1140 1185 1205 fidicina

128 1249 282 1336 Epidicus
307 1249 431 1313 scilicet
454 1249 631 1332 diligenter
655 1260 758 1332 cavet,
787 1273 828 1313 ne
853 1274 946 1316 senes
970 1252 1110 1314 animum
1135 1250 1225 1314 colli·

126 1368 205 1443 gant
225 1381 360 1444 remque
385 1358 547 1445 quomodo
571 1357 693 1442 optimc
718 1358 888 1423 instituant
918 1369 966 1424 sat
998 1359 1124 1446 possint
1146 1359 1224 1423 deli-

124 1468 253 1548 berare3
278 1479 327 1532 est
350 1468 436 1531 enirn
457 1468 497 1549 ei,
520 1477 555 1530 ut
577 1467 647 1552 ipse
673 1468 708 1531 in
731 1476 884 1554 quantum
903 1467 999 1530 liceat
1015 1468 1061 1530 rei
1077 1468 1225 1552 agendae

125 1587 355 1664 praeponatur,
378 1598 506 1641 summo
530 1599 630 1664 opere
659 1576 850 1659 curandum,
874 1578 1086 1663 quamobrem
1108 1598 1149 1641 ne
1180 1576 1225 1639 ni·-

126 1687 225 1749 mium
248 1687 414 1772 poscendo
442 1688 654 1772 suspitionem
677 1696 790 1750 contra
817 1708 851 1748 se
868 1686 1135 1772 moveat,‡primo
1156 1680 1227 1768 qui·

125 1795 212 1878 dem,
234 1805 270 1859 ut
291 1805 476 1880 argentum,
491 1795 590 1881 ¹quod
614 1795 884 1880 intercipiendum
909 1804 967 1876 est,
991 1795 1029 1858 ab
1053 1793 1225 1880 Apoecide

125 1904 165 1967 ad
187 1906 338 1970 lenonem
366 1906 531 1970 deferatur
553 1905 713 1987 concedit,
738 1927 815 1968 mox
846 1926 875 1966 v,
891 1904 962 1984 110,
981 1914 1153 1990 postquam
1173 1924 1224 1967 re·

126 2013 213 2100 liqna
233 2035 268 2077 se
289 2014 396 2100 ipsum
417 2015 819 2079 administraturumesse
841 2012 1005 2097 pollicitus
1031 2022 1089 2095 est,
1122 2020 1227 2076 astute

126 2145 185 2208 pro
207 2145 271 2187 uno
286 2124 454 2208 ‘Apoecide
478 2125 524 2188 rei
551 2123 758 2207 argentariae
781 2122 943 2207 praefecto
967 2143 1002 2185 se
1025 2123 1130 2207 ipsum
1153 2143 1226 2184 cum

128 2232 297 2318 Apoecide
311 2234 474 2318 supponit.
510 2232 607 2315 Quod
626 2233 651 2296 si
667 2234 782 2296 horum
800 2255 951 2297 versuum
968 2232 1110 2318 priorem
1123 2232 1224 2294 etiam

78 2373 79 2377 ¹
128 2343 329 2407 recentiores
356 2342 498 2408 editores
524 2343 691 2428 integrum
721 2342 884 2407 debebant
911 2341 1110 2428 relinquere,
1142 2342 1226 2405 alter

111 2460 180 2513 ⁴aut
204 2450 354 2515 Plautum
377 2462 431 2514 aut
455 2450 601 2515 editores
630 2461 684 2515 aut
716 2473 766 2515 me
796 2451 1026 2516 dormitantem
1053 2451 1138 2514 hunc
1161 2460 1224 2513 tra-

127 2559 265 2624 ctavisse
290 2561 395 2625 locum
424 2561 564 2625 evincet.
613 2560 697 2625 Nam
726 2560 788 2624 nisi
820 2560 956 2644 egregie
984 2559 1081 2623 fallor
1104 2580 1227 2639 corum,

127 2690 210 2753 quae
249 2671 313 2734 iam
357 2691 396 2734 ex
432 2679 538 2734 astuto
579 2692 637 2733 suo
683 2667 851 2733 mendacio
892 2693 911 2732 a
944 2669 1075 2734 senibus
1115 2661 1226 2732 servus

126 2779 325 2866 impetravit,
348 2800 509 2843 summum
532 2777 594 2841 hoc
618 2788 678 2858 est,
712 2799 754 2847 ne
777 2777 981 2866 Periphanes
1004 2801 1075 2843 cum
1099 2779 1227 2860 lenone,

128 2889 224 2974 (pranis
247 2898 316 2952 erat
332 2887 480 2969 fidicina,
507 2887 547 2951 de
574 2909 612 2950 ea
633 2886 773 2951 emenda
795 2887 866 2974 ipse
888 2898 972 2973 agat.
1015 2885 1108 2969 Ideo,
1129 2896 1165 2949 nt
1187 2887 1226 2952 ab

126 2996 188 3060 hoc
210 3018 285 3060 cum
313 2997 481 3076 retineret,
511 2997 552 3060 ad
575 2997 812 3072 difficultatem,
845 3019 926 3078 quae
950 2995 1080 3060 evenire
1107 3006 1226 3082 posset,

128 3105 152 3166 si
176 3105 246 3188 ipse
267 3104 470 3188 Periphanes
492 3103 532 3167 ad
555 3105 708 3169 lenonem
731 3115 903 3188 argentum
928 3103 1081 3185 deferret,
1113 3125 1226 3169 senum

129 3221 270 3274 mentem
297 3211 482 3274 adverterat
506 3235 535 3278 v.
560 3213 627 3278 105.
661 3212 749 3294 Quid
764 3212 888 3298 igitur?
913 3212 975 3277 llla
989 3235 1041 3276 res
1055 3223 1227 3300 postquam

128 3320 156 3383 ei
179 3319 400 3407 prosperrime
425 3320 532 3402 cessit,
558 3321 773 3386 credemusne
798 3343 871 3386 eum
891 3322 929 3386 ad
947 3322 1166 3408 Periphanem
1192 3344 1226 3385 se

128 3429 279 3492 lenonem
305 3428 522 3494 adducturum
546 3453 616 3495 cssc
637 3432 724 3494 ultro
747 3431 945 3517 promisisse,
978 3431 1063 3515 quod
1097 3431 1226 3514 quidem

128 3537 153 3600 si
176 3539 307 3619 faceret,
334 3539 429 3602 dolus
453 3540 493 3602 ad
518 3538 684 3607 dimidiam
706 3552 831 3625 partem
853 3542 915 3605 iam
934 3540 1106 3627 expeditus
1123 3538 1226 3603 omnis

128 3648 318 3713 interierat?
355 3649 452 3731 Quali
477 3650 637 3734 promisso
660 3651 685 3714 si
709 3652 825 3732 stabat,
845 3671 879 3712 sc
903 3672 968 3713 non
992 3659 1136 3713 metuere
1160 3673 1228 3714 sus·
1280 3708 1283 3713 ,

203 3823 228 3891 1)
248 3823 296 3876 Fr.
306 3823 476 3877 Ritschelius
489 3827 623 3876 consueta
638 3824 806 3877 liberalitate
817 3826 984 3892 apparatum
1001 3842 1080 3877 sunm
1099 3823 1226 3876 criticum

127 3922 196 3974 mihi
214 3922 348 3974 utendum
367 3922 504 3990 permisit,
534 3923 612 3976 cuius
636 3939 671 3976 ex
688 3922 796 3975 schedis
816 3917 886 3990 quae
907 3923 941 3975 de
961 3923 1022 3976 eod.
1042 3922 1227 3977 Ambrosiano

128 4022 176 4070 aut
195 4018 230 4071 de
248 4017 351 4072 Vetere
378 4019 479 4082 refero,
495 4019 536 4092 ,iis
560 4020 688 4072 omnibus
717 4022 765 4072 aut
787 4018 838 4071 AR
862 4023 911 4071 ant
928 4019 979 4072 VR
1001 4022 1083 4072 notas
1107 4011 1227 4089 apponi).

129 4114 180 4169 c'ui
198 4116 336 4170 carissimi
353 4117 545 4184 praeceptoris
564 4116 734 4187 benignitati
752 4119 886 4183 quantum
905 4117 1030 4181 debeam,
1051 4114 1146 4187 quiin
1164 4135 1228 4173 con·

128 4213 237 4266 dicione
254 4229 332 4266 meae
350 4212 434 4266 simili
450 4212 566 4266 fuerunt
584 4213 780 4268 aestimabunt.
