2858 4816
745 322 768 386 4

208 502 255 567 sic
276 502 499 570 administrata
523 513 662 590 enarrat,
691 506 781 570 cuitus
805 505 851 569 rei
874 505 981 588 gratia
1004 505 1080 572 ilico
1104 478 1243 573 solvitur
1265 531 1303 574 ac

205 613 355 678 libertate
381 613 529 680 donatur.
552 615 594 695 V,
616 615 645 682 2.
726 626 729 633 '

291 723 342 788 En
366 724 504 805 fabulae,
537 747 631 809 quam
655 746 758 811 aeque
779 747 817 788 ac
841 746 876 789 se
906 725 1013 811 ipsum
1040 726 1166 790 amabat
1197 736 1304 810 poeta,

207 842 435 916 argumentum
458 841 506 898 sat
530 832 612 896 illud
635 832 767 918 quidem
790 814 987 914 intacitum,
1014 833 1072 899 sed
1093 843 1202 897 tamen
1219 836 1303 898 bene

207 942 425 1026 compositum
439 940 697 1025 expolitumque.
731 941 832 1007 Nulla
853 941 937 1005 onim
951 951 1117 1026 estscena,
1141 953 1303 1007 neactum
1351 1011 1353 1016 ,

207 1049 324 1132 dicam,
354 1071 435 1132 qrrae
465 1072 531 1114 non
559 1073 629 1114 cum
656 1051 783 1115 fabulae
808 1073 932 1114 summa
961 1052 1141 1117 arctissimo
1171 1053 1302 1116 vinculo

207 1157 381 1223 coniuncta
394 1157 445 1238 sit,
469 1159 559 1223 nulla
571 1169 676 1224 cxstat
689 1175 839 1246 persona,
863 1160 939 1242 quin
952 1160 992 1223 sit
1014 1158 1225 1224 adactionem
1249 1169 1304 1223 aut
1332 1171 1342 1176 ’

205 1264 461 1354 praeparandam
484 1277 539 1330 aut
561 1269 815 1354 promovendam
840 1269 975 1332 alicuius
995 1269 1159 1334 momenti.
1182 1268 1302 1334 Nullus

207 1375 262 1439 hic
284 1375 453 1461 parasitus,
476 1377 586 1441 nullus
607 1387 656 1443 est
677 1401 810 1463 coquus,
833 1378 887 1462 qni
905 1378 1089 1441 universam
1107 1377 1234 1442 fabulae
1254 1402 1302 1442 ra·

208 1483 328 1548 tionem
353 1485 435 1548 nihil
461 1508 575 1548 curans
596 1485 751 1550 ridiculas
774 1509 845 1550 suas
864 1486 979 1551 fundat
993 1485 1163 1551 orationes.
1197 1489 1302 1552 Immo

208 1615 365 1678 perquam
390 1596 519 1660 concisa.
542 1606 590 1660 cst
612 1597 736 1683 copiosi
760 1596 942 1680 argumenti
969 1596 1129 1680 tractatio,
1152 1617 1234 1680 quae
1257 1607 1302 1659 ta·

206 1725 279 1767 rnen
307 1704 449 1768 brevitas
470 1715 594 1768 tantum
616 1706 708 1770 abest
727 1716 762 1769 ut
777 1706 1051 1792 negligentiorem
1068 1705 1299 1770 remissiorem·

129 1806 131 1811 ¹
208 1833 271 1896 que
295 1833 426 1898 operam
449 1812 576 1898 prodat,
598 1824 637 1876 ut
654 1813 695 1876 sit
717 1813 930 1878 certissimum
953 1837 1049 1878 curae
1071 1824 1103 1877 et
1117 1812 1302 1880 meditatio-

208 1919 258 1984 nis
280 1920 447 1984 indicium.
481 1921 635 2001 Quamvis
660 1943 737 1985 vero
760 1921 799 1984 ad
824 1945 981 1985 summam
1006 1921 1115 1986 fabula
1138 1921 1301 1986 elaborata

207 2029 248 2093 sit
270 2040 302 2094 et
325 2029 480 2117 expolita,
511 2029 669 2116 quaedam
695 2039 802 2093 tamen
835 2038 988 2110 exstant„
1006 2050 1088 2115 quae
1117 2030 1143 2094 si
1173 2029 1302 2093 admisit

206 2148 313 2224 poeta,
334 2138 368 2201 iu
390 2138 534 2203 hiscum
558 2138 687 2203 fabulae
710 2139 867 2202 rationem
884 2137 1067 2201 deseruisse
1081 2149 1176 2224 atque
1190 2159 1299 2202 secum

205 2248 421 2333 repugnantia
445 2246 593 2332 posuisse
623 2249 790 2313 fatendum
818 2259 875 2312 est.
920 2247 1035 2334 Itaque
1065 2247 1105 2312 ad
1135 2248 1214 2311 hacc
1244 2248 1296 2330 qui

203 2357 327 2443 primus
351 2356 540 2441 diligentius
562 2357 705 2421 animum
729 2356 1102 2442 advortitLadewigius‚
1125 2356 1228 2422 diurn.
1243 2380 1298 2420 au·

204 2466 282 2549 tiqu.
297 2465 376 2528 1841
398 2487 430 2551 p.
447 2465 537 2546 1079,
567 2465 738 2551 Epidicum
772 2467 914 2532 fabulam
945 2466 978 2529 in
1011 2466 1297 2529 contaminatorum

206 2573 354 2639 ordinem
376 2574 504 2658 recepit
528 2584 626 2660 atque
653 2573 735 2637 adeo
770 2573 898 2637 fabulae
927 2583 1018 2637 actus
1044 2595 1229 2656 saeuaeque
1258 2597 1298 2638 ex

202 2682 266 2746 hoc
288 2705 329 2745 an
353 2704 393 2746 ex
416 2683 474 2745 illo
500 2681 630 2748 Gracco
654 2681 836 2766 exemplari
861 2680 1051 2768 desumptae
1081 2691 1190 2746 essent
1218 2681 1297 2746 indi·

201 2792 297 2856 cavit.
341 2791 398 2872 At,
424 2792 474 2855 sac
498 2812 570 2855 esse
589 2791 732 2866 fabulam
763 2791 1022 2872 contaminatam,
1052 2790 1129 2877 quid
1159 2790 1297 2854 lucrabi-

203 2880 299 2957 mur?
322 2892 440 2958 Nonne
466 2893 561 2956 etiarn
585 2893 689 2977 magis
704 2894 885 2958 mirandum
901 2893 964 2957 crit
980 2902 1119 2979 poetam,
1145 2891 1198 2978 qui
1211 2902 1299 2956 tanta

200 3000 375 3085 diligentia
406 3001 541 3064 duarum
571 3001 753 3065 fabularum
784 3011 975 3086 argumenta
1000 3001 1085 3064 inter
1109 3022 1142 3066 se
1169 3022 1297 3086 compo·

182 3120 305 3203 meret,
334 3119 369 3173 ut
392 3132 432 3175 ex
457 3110 495 3174 iis
528 3131 604 3174 vere
628 3134 722 3177 unam
753 3112 887 3194 faceret,
918 3109 1057 3173 eundem
1088 3111 1120 3173 in
1151 3110 1298 3194 singulis,

202 3240 286 3302 quae
311 3229 432 3301 tamon,
462 3220 488 3285 si
511 3219 642 3304 quidem
671 3218 810 3305 scripsit,
841 3241 915 3282 cum
943 3218 1014 3306 ipso
1049 3219 1177 3285 fabulae
1200 3241 1295 3303 argu—

177 3327 308 3393 'mentc
334 3328 514 3394 arctissime
536 3331 760 3411 cohaererent,
791 3328 868 3412 quid
892 3327 1030 3393 consilio
1053 3352 1072 3393 a
1093 3349 1127 3393 se
1150 3326 1296 3407 instituto

201 3438 399 3509 conveniens
422 3448 507 3502 esset
526 3460 593 3503 non
615 3437 803 3503 curavisse?
828 3437 905 3503 Scio
923 3438 1065 3521 quidem,
1090 3436 1297 3522 quammulta

197 3545 271 3611 aliis
292 3547 326 3610 in
348 3546 465 3612 fabulis
491 3570 508 3611 c
532 3547 807 3613 contaminatione
832 3557 925 3612 recte·
945 3547 1009 3612 sint
1032 3545 1210 3632 explicata3
1240 3543 1296 3609 sed

199 3655 317 3738 quales
340 3665 416 3721 sunt
437 3656 499 3721 hae
522 3656 555 3720 in
577 3656 716 3742 Epidico
739 3657 948 3736 offensiones,
972 3652 1233 3739 quidLadewigi
1256 3654 1295 3717 de

198 3764 474 3829 contaminatione
496 3765 657 3838 sententia
679 3764 825 3830 utilitatis
848 3746 965 3831 habeat
987 3785 1053 3828 nou
1074 3760 1182 3827 video.
1228 3763 1295 3828 Ao·

198 3872 350 3946 cedamus
372 3872 473 3959 igitur
495 3874 536 3939 ad
562 3874 653 3939 locos
673 3874 716 3938 ad
745 3873 939 3941 sententiam
965 3874 1005 3939 ab
1028 3871 1086 3935 illo
1106 3869 1296 3936 firmandam

197 3982 353 4068 prolatos.
386 3983 428 4048 In
451 3982 567 4068 quibus
590 3983 707 4055 sinon
729 4005 781 4048 me
806 3983 957 4063 contineo
981 3979 1217 4064 examinandis,
1239 3979 1297 4044 sed

194 4112 258 4176 pro
284 4110 356 4157 meo
381 4091 515 4157 arbitrio
538 4091 619 4157 alios
636 4091 815 4177 quosdam,¹
827 4091 881 4175 qui
897 4091 931 4154 in
949 4089 1086 4169 eandem
1102 4087 1295 4155 sententiam

195 4200 280 4269 mulii
302 4199 438 4288 possint,
462 4199 617 4286 adiungo,
639 4199 719 4275 baec
743 4220 840 4267 cansa
862 4199 934 4278 erit,
957 4198 1125 4286 quod-non
1142 4196 1295 4263 utvirum
