2858 4816
692 308 731 372 12

169 515 234 557 non
258 491 334 556 satis
357 491 501 576 definiat,
530 493 575 557 ita
606 504 642 557 ut
672 493 742 578 ipse
773 495 813 557 de
843 515 927 558 nova
959 493 1099 578 pecunia
1130 493 1263 579 cogitet,

165 600 241 666 lonc
265 602 305 665 de
328 610 463 687 argento
487 623 593 687 nuper
613 603 731 684 soluta,
753 613 822 667 tota
839 605 926 667 fraus
943 601 1048 690 posita
1062 610 1119 664 est.
1153 601 1262 666 Doleo

163 711 264 794 igitur
287 733 315 774 v.
339 711 380 774 30
402 711 560 794 legoque:

187 832 189 836 '
248 818 283 884 Si
314 819 366 905 qui
389 817 431 882 a]
451 840 524 880 cum
548 817 732 898 adveniant,
758 821 792 880 rit
813 818 872 882 sibi
890 817 1006 882 datum
1038 820 1108 882 esse
1141 839 1258 903 argens

997 937 1064 992 tum
1086 925 1220 1009 dicatll,

176 1065 178 1068 ⁴
248 1036 378 1122 Quippe
401 1038 463 1119 ego
490 1036 576 1119 quod
599 1034 719 1124 nudius¹
741 1034 856 1098 tertius
876 1035 957 1099 meis
991 1035 1138 1135 manibus
1170 1033 1260 1098 dinu-

1053 1143 1220 1208 'merdvi

164 1252 274 1338 Atque
299 1252 347 1315 his
369 1275 441 1316 cum
468 1252 566 1317 totius
589 1252 652 1317 loci
674 1253 791 1317 rationi
806 1252 1005 1316 satisfactum
1021 1261 1259 1339 esset,poetam

164 1370 291 1425 certum
323 1383 494 1425 numerum
530 1371 765 1426 memorantem
798 1361 838 1424 de
873 1360 975 1424 nihilo
1007 1360 1067 1424 sibi
1102 1360 1259 1425 maximas

135 1468 372 1535 difficultates
407 1480 589 1534 creaturum
622 1467 722 1533 fuisse
752 1493 817 1534 non
845 1469 949 1534 minus
983 1479 1127 1555 apparet,
1160 1492 1256 1555 quam

160 1578 299 1642 alterum
321 1578 415 1660 illud,
435 1581 534 1643 verba
567 1600 648 1664 quae
674 1589 854 1663 sequuntur
876 1579 1067 1642 ‘Vorsutior
1100 1601 1131 1645 es
1157 1601 1254 1666 quam

161 1700 236 1750 roto
252 1689 415 1774 sz‘pcloris’
452 1688 534 1752 nihil
566 1688 722 1770 valuisse,
741 1688 768 1751 si
791 1712 822 1752 v.
845 1689 885 1752 33
907 1699 939 1751 et
960 1687 1002 1752 34
1025 1688 1183 1775 Epidicus
1214 1688 1261 1750 fu·
1337 1709 1340 1714 ·

162 1819 238 1867 cum
267 1798 389 1860 fecerat
429 1797 704 1884 promiseratque,
737 1819 821 1883 quac
857 1796 987 1862 omnino
1027 1798 1160 1862 efficere
1196 1818 1262 1860 non

163 1914 282 1989 posset.
318 1956 324 1971 ,.
864 1957 865 1960 ,
1251 1913 1258 1923 ·

290 2048 294 2059 ·
376 2013 437 2094 IV,
464 2015 491 2094 1,
513 2013 639 2077 41-42
659 2012 816 2097 legimus:

280 2200 285 2213 Ι
520 2123 577 2186 Pe.
602 2098 673 2186 Piho
697 2120 801 2204 istinc,
825 2119 997 2204 Canthara,
1019 2121 1094 2184 iube

247 2229 527 2316 Acropolistidem
551 2229 682 2316 prodire
706 2229 808 2293 filiam
832 2239 905 2293 ante
925 2229 1022 2295 aedes
1045 2250 1158 2293 meam.

164 2339 219 2407 Sic
242 2339 330 2405 enim
353 2337 425 2422 VR,
445 2363 464 2402 a
488 2361 551 2422 quo
575 2339 608 2402 in
627 2339 736 2423 priore
753 2360 849 2408 ¹versu
871 2339 1005 2424 vulgata
1025 2338 1121 2402 lectio
1146 2358 1262 2425 porpe-

161 2471 231 2513 ram
256 2449 392 2518 multum
415 2447 542 2523 differt3
568 2457 673 2531 atque
701 2446 809 2511 etiam.
832 2447 1087 2511 Ambrosianum
1110 2448 1258 2534 Acropo-

161 2555 280 2623 listidis
300 2578 420 2621 nornen
444 2554 632 2620 exhibuisse
660 2575 701 2619 ex
724 2553 880 2619 ltitscheli
904 2554 1033 2620 schedis
1058 2555 1209 2640 cognovi.

248 2667 326 2750 Ipsa
337 2666 440 2749 igitur
452 2673 553 2728 matre
567 2673 737 2752 praesente
753 2683 857 2728 senex
873 2663 1148 2751 Acropolistidem
1159 2664 1260 2729 filiam

162 2777 318 2856 nominat,
349 2775 399 2839 cui
425 2775 583 2839 Telestidi
610 2796 730 2839 nomen
754 2775 853 2839 fuisse
878 2797 920 2839 ex
946 2777 987 2857 V,
1011 2780 1035 2856 l,
1059 2777 1099 2839 30
1122 2785 1259 2841 constet.

161 2889 289 2974 Aperta
311 2885 488 2969 igiturest,
512 2883 627 2967 inquit,
650 2883 759 2948 Plauti
780 2885 1008 2967 inconstantia,
1041 2895 1189 2972 apertum
1214 2887 1259 2950 fc·

160 2995 271 3059 bulam
294 3015 366 3057 esse
390 3015 432 3056 ex
449 2992 684 3056 contaminatis
722 2992 768 3056 At
783 3015 879 3078 quem
893 2993 1135 3078 imprudentem
1149 3003 1255 3080 poeta,

162 3124 258 3190 quam
279 3102 436 3167 insulsum
460 3125 495 3167 se
512 3101 809 3166 contaminatorem*
825 3101 1049 3188 praestitisset,
1066 3101 1091 3165 si
1106 3102 1176 3168 sine
1190 3104 1257 3197 ulla

161 3212 298 3277 utilitate
321 3211 446 3276 duabus
472 3210 686 3289 mulierculis,
712 3219 744 3273 et
766 3209 812 3272 fili
833 3210 956 3273 amicae
989 3220 1021 3273 et
1055 3211 1168 3290 sorori,
1201 3233 1260 3298 per
1351 3239 1358 3252 ·

162 3319 291 3383 fabulae
313 3330 440 3404 partem
462 3319 548 3412 idem
574 3340 691 3382 nomen
715 3339 786 3382 esse
811 3340 922 3403 passus
949 3328 1043 3382 esset.
1103 3316 1199 3395 Quod
1233 3319 1259 3383 si

163 3427 294 3510 faceret,
318 3451 383 3491 ncn
407 3428 512 3512 potuit
535 3449 601 3491 non
624 3449 756 3513 prorsus
779 3425 897 3491 oblitus
921 3449 1003 3508 esso,
1027 3427 1113 3514 qued
1136 3427 1259 3514 inipso

162 3554 266 3619 scena,
291 3557 372 3623 quae
392 3535 564 3616 antecedit,
589 3545 749 3621 posucrat.
784 3534 868 3600 Nam
884 3545 994 3600 contra
1009 3536 1144 3601 militem
1159 3538 1259 3602 Acro·

163 3645 350 3731 polistidem
372 3670 391 3708 a
419 3666 497 3709 sene
521 3653 710 3730 poscentem
732 3645 760 3709 is
782 3664 818 3708 se
850 3645 972 3709 nullam
1003 3645 1134 3710 novisse
1167 3646 1263 3711 huius

163 3753 301 3821 nominis
324 3753 384 3817 nisi
402 3754 493 3817 illam
525 3753 690 3818 fidicinam
723 3754 789 3817 nati
818 3753 954 3818 amicam
985 3754 1074 3818 clare
1104 3755 1257 3838 ostendit,
1287 3744 1290 3749 ’

162 3862 314 3946 quoniam
338 3863 482 3947 alioquin
504 3864 595 3927 nullo
620 3864 716 3928 modo
749 3886 815 3928 non
847 3874 972 3949 poterat
1003 3863 1088 3930 illius
1113 3865 1260 3952 Acropo-

165 4024 351 4036 n—-d-—nu—

184 4096 188 4102 *
235 4109 262 4175 7)
282 4110 378 4171 ‘Quod’
393 4109 505 4179 ¹'scripsi
524 4127 577 4179 pro
597 4111 662 4182 ‘qut'
683 4110 759 4178 quod
778 4107 915 4162 traditum
935 4112 987 4167 est,
1012 4110 1090 4163 cuius
1114 4112 1210 4164 temen
1238 4111 1266 4164 iu

162 4205 252 4263 uicem
269 4222 295 4260 v.
306 4207 342 4261 30
361 4223 417 4260 non
435 4205 530 4262 deleto
549 4207 635 4278 ‘quos'
654 4205 749 4275 potius
767 4210 922 4275 exspectes.
987 4257 990 4263 .
