2858 4816
744 296 785 358 10

217 486 321 541 metro
350 477 490 562 optimos
524 500 566 543 ex
593 479 654 543 alia
676 479 824 546 Plautina
858 481 968 546 fabula
1002 483 1065 546 hue
1096 481 1260 549 transtulit
1273 470 1321 562 4)‚⁴

216 607 274 651 seu
295 587 329 650 in
352 587 456 672 poetis
478 588 609 652 comicis
633 589 715 653 adeo
745 600 890 655 versatus
924 600 1004 674 erat,
1032 601 1068 656 ut
1102 593 1171 679 ipse
1200 600 1314 680 posset

216 704 279 761 tam
306 696 409 760 bonos
438 698 616 761 versiculos
640 721 795 785 pangere.
838 700 881 765 Et
903 701 938 765 in
959 701 1096 787 proclivi
1118 711 1166 765 est
1189 722 1245 764 eos
1268 701 1311 766 ad

215 804 406 870 histrionem
434 807 575 890 aliquem
598 808 719 872 saeculi
742 833 769 873 a.
798 833 828 872 u.
853 833 879 873 o.
904 809 1032 896 septimi
1064 812 1230 874 auotorem
1261 831 1311 873 re-

214 913 310 978 ferre·
363 914 447 979 Nam
477 926 513 978 nt
534 915 708 1000 Epidicum
729 918 869 982 fabulam
892 917 955 980 iam
978 918 1086 982 Plauti
1110 925 1215 981 aetate
1234 918 1311 1004 plus

215 1027 318 1091 semel
344 1035 448 1091 aetam
472 1051 543 1092 esse
564 1051 605 1093 ex
627 1030 775 1094 versibus
797 1039 921 1097 constat
942 1028 1064 1094 Bacch.
1084 1026 1270 1092 214-215:

254 1190 256 1195 ,
301 1135 406 1200 Etiam
439 1115 611 1224 Flpidieum
646 1163 741 1226 qnam
778 1161 840 1224 ego
873 1137 1028 1203 fabulam·
1051 1159 1153 1224 aeque
1187 1159 1225 1201 ac
1259 1159 1313 1200 me

270 1297 272 1301 ,
537 1296 539 1302 .
1058 1249 1165 1333 ipsum
1187 1269 1271 1330 ame,

216 1390 223 1400 r
296 1355 430 1431 Nullam
452 1359 555 1441 aeque
576 1357 698 1422 invitus
720 1362 843 1445 speetu,
859 1359 892 1422 si
916 1356 984 1442 agit
1005 1357 1125 1440 Pollio,
1189 1401 1191 1404 >
1242 1386 1246 1410 ι

213 1466 260 1530 oio
279 1466 472 1529 eametiam
493 1466 583 1552 poesi
609 1466 760 1531 Plautina
783 1477 1012 1553 postmortem
1036 1467 1175 1531 auetoris
1192 1465 1226 1530 in
1243 1487 1310 1530 see-

214 1574 295 1639 nam*
311 1586 464 1641 revocata
475 1576 503 1660 ⁵)
526 1601 592 1641 nen
614 1578 684 1643 sine
698 1578 875 1661 Qniritium
901 1577 1017 1664 plausu
1036 1570 1310 1664 spectatam-‘usse

212 1684 392 1750 uerisimile
415 1695 474 1751 est.
511 1674 608 1766 Quod
626 1675 671 1750 ¹ad
694 1695 821 1772 tempus
846 1687 933 1750 haud
958 1685 1056 1750 dubie
1073 1685 1169 1748 etiam
1190 1705 1309 1748 roeme-

214 1793 316 1858 rabile
340 1794 427 1858 illud
441 1795 701 1882 interpolationis
719 1795 906 1884 exemplum
923 1793 1132 1859 referendum
1150 1804 1209 1875 est,
1225 1791 1313 1877 quod

219 1923 326 1987 nuper
347 1901 592 1966 buius.fabulae
611 1903 656 1985 ΙΙ,
680 1903 709 1986 2,
731 1927 762 1968 v.
778 1904 902 1968 45-51
928 1903 1052 1967 detexit
1078 1902 1313 1987 Wagnsrusb,
1399 1884 1400 1888 ¹

215 2011 369 2096 quoniam
393 2011 556 2091 versuum,
584 2034 663 2097 quus
686 2021 721 2076 ut
744 2034 810 2077 non
822 2012 994 2076 Plautinos
1003 2021 1093 2075 reete
1110 2011 1313 2093 condemnat,

127 2197 130 2208 Δ
172 2184 174 2191 ,
214 2118 346 2184 tertium
372 2119 477 2184 Varro
501 2120 619 2203 laudat,
640 2119 681 2183 de
695 2120 740 2185 L.
762 2119 867 2208 nv,
890 2121 959 2184 131.

243 2264 268 2279 --
299 2225 417 2290 Iamsi
441 2249 545 2291 meam
572 2227 612 2291 de
640 2250 670 2293 v.
690 2228 816 2291 33-34
842 2249 859 2291 e
882 2236 975 2292 textu
1001 2227 1209 2291 removendis
1240 2245 1312 2290 sen-

215 2335 367 2398 tentiam.
385 2335 513 2400 idoneis
534 2336 815 2420 argumentisniti
838 2335 1056 2422 probaverim,
1087 2335 1149 2399 hoe
1172 2336 1310 2399 alterum

216 2443 323 2508 estin
350 2444 411 2509 hac
434 2467 530 2509 seena
554 2445 701 2532 quamvis
726 2468 793 2509 non
812 2445 958 2509 eiusdem
979 2443 1100 2531 speciei
1133 2443 1310 2528 interpola·

216 2554 313 2619 tionis
326 2555 532 2640 exemplum,
557 2555 710 2639 quoniam
732 2577 762 2619 v.
787 2554 842 2618 17:

315 2663 466 2727 Manibus
497 2664 547 2729 his
580 2663 793 2746 dinumerari,
828 2675 921 2752 pater
954 2686 1045 2728 suam
1078 2671 1186 2726 natam
1219 2684 1315 2746 qnam

1079 2794 1149 2837 esse
1171 2771 1275 2836 eredit

221 2903 286 2944 non
307 2879 493 2944 Plautinum
517 2903 589 2945 esse
620 2883 677 2945 sed
702 2882 811 2951 librari
836 2882 972 2947 alieuius
994 2882 1250 2955 additamentum
1271 2901 1314 2944 ex

214 2989 378 3077 ,exemplo
396 3013 449 3052 vv.
466 2989 591 3053 31--32
614 2991 797 3054 eonfeetum
818 2991 871 3054 diu
898 2991 980 3055 vidit
1002 2990 1210 3074 Ritseholius‚
1231 2991 1315 3077 prol.

216 3101 252 3166 in
267 3102 372 3167 Plsut.
388 3125 419 3188 p.
433 3101 502 3165 156.
534 3099 581 3168 Ut
600 3102 675 3166 hine
698 3101 891 3187 gravissima
915 3101 1080 3166 exoriatur
1102 3110 1263 3169 eontra-v.
1275 3100 1317 3164 30

217 3210 365 3297 suspitio,
396 3210 429 3273 in
460 3233 524 3295 qno
549 3229 614 3274 non
646 3211 821 3276 mediocris
852 3211 893 3276 sit
921 3211 1069 3276 offensio.
1114 3210 1205 3275 Dieit
1229 3210 1314 3274 enim
1406 3243 1409 3249 ·

216 3317 394 3404 Epidicus:

230 3438 232 3443 ’
730 3443 803 3484 oum
828 3428 887 3502 (se.
911 3422 1081 3506 lenonem.)
1102 3443 1164 3506 ego
1189 3421 1314 3486 docebo

301 3527 337 3596 Si
369 3528 424 3613 qui
453 3529 493 3593 ad
524 3551 599 3593 eum
620 3529 807 3613 adveniant,
831 3533 865 3594 tt
886 3530 946 3594 sibi
972 3531 1081 3595 datum
1106 3533 1176 3596 esse
1198 3550 1315 3614 argen-

1089 3651 1157 3704 tum
1181 3637 1275 3703 dieat.

267 3743 354 3750 ..m—..v
399 3745 401 3749 ,

290 3807 317 3876 4)
336 3804 368 3859 In
385 3807 545 3862 universum
572 3807 607 3862 de
631 3809 684 3862 hoe
708 3803 1015 3878 corruptelae'genere
1035 3808 1069 3862 ef.
1085 3806 1222 3862 Ritseheli
1243 3826 1317 3862 eom-

216 3900 301 3956 me'nt.
319 3904 418 3973 philol.
437 3905 531 3960 tem.I
551 3906 687 3959 insertam
709 3904 942 3983 ‘Parallelstellen
960 3904 1001 3958 als
1014 3900 1156 3959 Ursaehen
1167 3923 1221 3959 von
1239 3903 1317 3959 Glos-

218 4001 331 4054 semen’.
447 4002 450 4007 '
721 3978 737 4010 l'
1220 4009 1223 4013 ’
1258 4008 1261 4013 ’

291 4097 318 4166 5)
335 4115 361 4150 v.
380 4096 518 4152 Ritseheli
535 4112 648 4168 parerg.
667 4096 757 4152 Plaut.
777 4115 803 4165 p.
820 4099 870 4150 180
880 4113 922 4164 sq.

283 4194 317 4265 .6)
335 4193 409 4249 Guil.
431 4194 564 4271 Wagner,
582 4196 626 4251 ‘de
642 4196 737 4251 Plauti
753 4193 908 4249 Aululariu’
929 4211 956 4262 p.
967 4195 1082 4249 32-34.
