2858 4816
644 345 679 408 11

196 533 265 597 Pro
288 530 432 594 fidicina.
454 533 585 614 argenti
608 529 711 592 minas
731 551 766 593 se
788 529 909 593 habere
934 525 1182 614 quinquaginta.
1264 577 1266 580 -

199 641 330 727 Quippe
346 643 408 724 ego
424 637 479 722 qui
494 639 611 703 nudius
625 638 740 710 tertius
753 637 833 702 meis
847 636 995 700 menibus
1009 633 1212 699 dinumertvi

201 749 266 814 Pro
288 751 345 813 illd
368 760 420 813 tua
443 748 554 829 amica,
577 751 672 831 qudm
692 758 785 832 pater
799 771 889 812 suam
905 746 1008 811 Aliam
1027 766 1098 808 esse
1112 747 1212 810 retur.

117 859 184 927 Ubi
213 859 246 922 in
274 858 417 922 numeris
448 857 509 921 sibi
539 880 605 920 uon
635 856 818 921 constitisse
849 866 988 942 poetam,
1022 877 1093 918 cum
1113 853 1158 933 V,
1183 854 1213 930 2,

53 995 55 998 ’
119 967 159 1032 28
183 977 215 1031 et
237 967 280 1031 40
301 968 437 1031 eandem
458 967 620 1032 fidicinem
643 965 777 1049 triginta
800 964 896 1028 minis
918 973 1058 1051 emptam
1077 963 1211 1039 diceret,

116 1085 204 1140 recte
238 1076 407 1164 perspexit
434 1074 613 1157 Acidalius,
647 1074 758 1157 quise
791 1097 854 1159 quo
886 1073 972 1138 hunc
1002 1070 1211 1138 oeconomiae

118 1207 264 1251 errorem
285 1163 375 1270 tegat
399 1185 541 1249 colorem
564 1195 619 1247 eut
642 1184 750 1247 velum
774 1184 893 1247 habere
919 1193 1027 1266 negat.
1052 1181 1123 1246 Nec
1145 1181 1212 1244 talo

116 1296 224 1359 velum
247 1295 435 1362 Gronovius
458 1294 643 1380 repperisse
667 1294 849 1358 censendus
873 1293 945 1373 crit,
980 1291 1034 1377 qui
1065 1291 1105 1354 ad
1128 1291 1213 1355 hanc

116 1405 269 1488 confugit
303 1404 565 1491 explicationem,
596 1402 780 1488 ‘Epidicum
809 1400 926 1466 vernili
956 1400 1088 1487 ingenio
1111 1410 1144 1464 et
1168 1399 1212 1462 ia·

117 1514 237 1578 stantia
256 1513 514 1601 summomapud
535 1514 617 1576 alios
641 1512 750 1577 vorbis
771 1512 1012 1598 exaggerasse’·
1045 1509 1214 1594 Numaigi·

117 1634 168 1688 tur
195 1625 253 1689 tali
277 1625 311 1688 in
333 1624 513 1688 offensione
532 1625 625 1687 ,couti
653 1634 750 1710 atque
784 1622 954 1710 prudentis
978 1623 1077 1688 fuerit
1101 1620 1214 1686 critici

117 1732 150 1798 in
172 1756 212 1798 eo
234 1732 456 1817 acquiescere,
486 1733 572 1816 quod
597 1755 662 1797 non
686 1732 788 1797 semel
810 1731 947 1798 Plautus
976 1732 1009 1795 in
1039 1733 1137 1796 rebus
1166 1752 1211 1797 se·

118 1841 282 1908 cundariis
299 1842 577 1928 negligentiorem
601 1865 636 1907 se
651 1843 811 1928 praebuit,
832 1866 903 1908 cum
923 1844 984 1906 hoc
1008 1842 1080 1906 loco
1103 1839 1214 1928 quanti

116 1952 249 2017 fidicine
270 1952 326 2015 illa
350 1951 511 2015 veniverit
533 1975 586 2016 res
608 1953 648 2015 sit
667 1953 787 2017 nullius
810 1951 995 2016 momenti?
1030 1953 1118 2034 Age,
1138 1971 1213 2014 oon·

118 2063 277 2125 feremus
296 2063 382 2125 inter
403 2085 437 2126 se
460 2082 624 2144 numeros,
655 2061 710 2145 qui
739 2062 773 2125 in
797 2062 858 2125 hac
878 2060 988 2125 fabula
1009 2059 1042 2125 in
1078 2059 1213 2146 emptio·

117 2168 211 2233 nibus
238 2180 433 2234 occurrunt:
478 2169 696 2256 Acropolistis
719 2193 738 2233 u
760 2193 853 2234 servo
877 2193 936 2256 pro
960 2169 1025 2234 filia
1047 2169 1216 2255 supposita

117 2277 251 2362 triginta
273 2279 368 2342 minis
391 2288 527 2359 constat,
554 2280 593 2361 V,
615 2280 644 2362 2,
665 2279 705 2344 38
727 2290 760 2342 ct
777 2279 828 2354 40,
861 2278 1001 2343 Telestis
1021 2278 1142 2344 Thebis
1160 2277 1215 2341 ed·

119 2387 215 2451 ducto
240 2388 465 2474 quadraginta,
488 2389 516 2466 I,
540 2391 567 2469 1,
587 2390 645 2471 503
670 2387 713 2470 II,
736 2388 766 2473 2,
790 2389 842 2471 38,
854 2388 1012 2477 Epidicus
1034 2413 1052 2452 a
1072 2407 1151 2452 sene
1173 2387 1214 2451 ad

118 2496 164 2562 fili
185 2496 320 2562 amicam
343 2499 513 2564 emendam
540 2501 778 2586 quinquaginta
801 2499 920 2584 accipit
936 2498 997 2579 III,
1010 2498 1040 2579 2,
1062 2499 1110 2580 11,
1123 2497 1215 2561 miles

119 2610 290 2693 sexaginta
313 2631 372 2695 pro
395 2611 497 2675 amica
528 2613 696 2699 promittit.
751 2611 892 2693 Qualem
927 2609 961 2674 in
991 2608 1134 2673 numeris
1162 2625 1214 2672 ve·

117 2719 289 2784 riationem
314 2741 387 2782 cum
411 2743 486 2784 casu
513 2722 625 2784 factum
649 2742 721 2784 esse
745 2720 913 2807 probabile
938 2741 1002 2784 non
1026 2720 1080 2803 sit,
1099 2740 1212 2783 eonce-

117 2828 262 2892 dendum
285 2831 347 2892 erit
374 2829 469 2896 etiam
492 2831 525 2895 in
545 2832 596 2894 his
619 2830 761 2896 numeris
786 2829 982 2895 adornandis
1006 2839 1134 2914 poetam
1154 2827 1209 2892 ali·

118 2960 213 3023 quam
242 2937 390 3023 posuisse
413 2963 522 3004 curam
547 2941 649 3028 iisque
671 2938 836 3005 variandis
867 2938 1045 3023 diligenter
1077 2939 1215 3019 cavisse,

118 3069 168 3129 ne,
191 3046 277 3129 quod
299 3048 510 3112 metuendum
535 3059 618 3136 erat,
635 3050 835 3133 emptionum
860 3046 1067 3110 multitudine
1091 3031 1240 3130 specta?

117 3162 204 3230 tores
234 3152 436 3219 fallerentur.
496 3144 613 3242 Neque
642 3166 751 3220 tomen
787 3155 847 3218 hac
880 3154 1108 3218 observatione
1143 3154 1215 3218 sola

17 3275 24 3287 ’
116 3257 201 3323 istud
225 3259 264 3322 ad
292 3270 408 3345 poetae
432 3263 669 3348 negligentiam
696 3263 883 3347 confugium
904 3254 1213 3344 nobisocclrrditur;

116 3368 306 3454 repellimur
328 3368 483 3451 indidem,
508 3372 533 3434 si
558 3372 811 3454 consideramus,
843 3372 903 3452 hac
926 3371 1050 3457 ipsein
1074 3392 1108 3436 re
1130 3381 1211 3434 tam-

117 3498 212 3559 quam
237 3478 404 3544 cardinem
431 3501 541 3544 rerum
574 3480 667 3558 verti,
701 3480 864 3566 quomodo
895 3482 969 3547 leno
1000 3481 1215 3565 responsione

115 3610 173 3649 sue
196 3588 282 3674 apud
308 3589 512 3676 Apoecidem
536 3589 641 3655 fidem'
658 3590 757 3656 faciat
777 3602 959 3677 argentum,
983 3590 1069 3674 quod
1091 3589 1118 3654 is
1140 3589 1210 3676 ipse

115 3696 244 3760 tradere
269 3696 418 3782 debebat,
433 3699 473 3762 ab
485 3699 624 3784 Epidico
637 3701 701 3764 ism
717 3700 955 3766 dinumeratum
968 3720 1048 3765 esse.
1090 3698 1211 3765 Servus

115 3824 194 3869 vero
217 3806 302 3870 haud
326 3807 424 3871 dubie
444 3830 513 3872 rem
537 3808 582 3873 its
612 3809 818 3874 instituturus
852 3818 909 3889 est,
943 3818 978 3873 ut
1002 3808 1208 3896 Apoecidem

115 3911 279 3993 lenonem,
302 3936 378 3977 nuru
405 3917 444 3979 ab
459 3915 597 4003 Epidico
622 3925 793 4002 argentum
815 3916 990 4004 acceperit,
1012 3914 1216 4000 interrogare

115 4020 234 4103 iubeat,
262 4023 348 4106 quod
374 4024 476 4109 illum,
511 4027 564 4110 qui
590 4047 624 4089 re
646 4048 724 4089 vere
745 4025 880 4111 triginta
905 4027 1008 4089 minus
1029 4048 1048 4089 a
1070 4046 1104 4089 se
1124 4046 1216 4089 acoe-

114 4131 211 4218 perit,
252 4132 487 4198 affirmaturum
524 4158 595 4201 esse
627 4158 760 4223 sperare
792 4144 909 4223 potest.
952 4134 1048 4217 Nam,
1076 4137 1104 4200 si
1138 4133 1216 4221 quid

116 4241 222 4324 vides,
242 4241 275 4306 in
292 4243 354 4306 hoc
378 4242 459 4331 ipsc,
475 4254 510 4308 ut
523 4245 712 4331 Apoecides
723 4245 764 4309 de
777 4245 1215 4333 argentoiuterrogotionom
