2858 4816
160 480 314 564 Plautino
329 477 462 583 'legera'
478 497 560 564 ‘Aba'
575 474 613 561 in
633 496 752 562 maiam
766 516 835 560 rem
850 496 1033 560 manamaur
1055 518 1076 560 a
1087 495 1163 583 3331·
1185 502 1259 560 curn

161 608 356 691 locutiones}
384 607 505 694 quales
524 587 616 672 suni:
648 605 731 670 ‘Aba’
750 608 791 669 ιίι
821 604 941 670 maiam
970 602 1261 684 emacem‚'abi.'in

160 717 281 780 'attalam
307 738 376 780 rem
392 716 603 809 'mpoeamcm’
635 724 797 803 persaepe
830 712 1015 779 occurrant.
1069 711 1110 777 In
1139 712 1260 803 talibus¹

79 810 85 818 ⁵
162 824 452 892 autemiormulis'
468 847 544 890 cum
567 822 850 890 constantissimus
872 846 951 888 usus
979 844 1122 907 regnare
1146 821 1262 908 soleat,

163 935 260 1001 etiam
275 933 386 1023 lippus
402 934 511 1016 home,
535 932 646 1016 credo,
667 930 811 1015 videbit‚'
825 930 888 1007 hac
905 926 979 998 locb
1004 937 1036 997 ‘a
1052 932 1112 996 me’
1127 930 1261 996 voculas

163 1064 206 1110 ex
232 1053 399 1134 postrema
422 1043 602 1108 anterioris
624 1041 777 1108 vocabuli
798 1040 927 1129 syllaba
948 1056 1123 1132 perperam
1145 1040 1262 1108 iterata

163 1161 251 1217 ortas
272 1148 355 1216 esse.
378 1149 517 1236 *Neque
537 1149 644 1215 minus
657 1149 867 1217 manifestum
882 1161 932 1216 cst
945 1150 1102 1216 mendum
1118 1151 1152 1215 in
1168 1150 1261 1217 initio

164 1274 281 1327 versus
307 1260 422 1326 late'ns.
454 1259 620 1340 Quoniam
643 1259 732 1323 enim
753 1260 855 1324 verba
875 1264 959 1324 ‘cum
983 1259 1199 1343 beneuoleute'
1220 1260 1261 1325 ad

164 1370 310 1433 ‘raecum’
332 1368 510 1435 referenda
543 1377 629 1452 sunt,
661 1367 821 1453 sequitur,
851 1376 887 1432 ut
911 1361 1123 1434 ‘benevoleni'
1146 1369 1186 1434 ad
1207 1371 1261 1434 ‘te‘

164 1483 349 1566 pronomen
370 1475 586 1569 reiciendum
605 1474 657 1560 sit,
680 1476 721 1541 ad
745 1474 833 1562 duod
854 1460 963 1542 tamen
984 1487 1022 1542 ut
1039 1478 1262 1544 'nominativus'

164 1585 205 1650 ad
222 1585 443 1652 accusativum
455 1604 525 1650 non·
538 1585 688 1673 quadrat.
719 1586 988 1655 ‘Benevoleatemf
999 1595 1110 1652 autem
1124 1587 1263 1652 formam

162 1716 278 1760 versus
299 1716 366 1758 nun
386 1687 538 1759 admittit.
564 1688 640 1776 „Iam
661 1693 776 1778 igitur,
797 1695 860 1758 nisi
886 1693 941 1779 qui
964 1695 1151 1778 verborum,
1165 1704 1262 1781 'quae

164 1801 375 1901 antecedunt,
389 1810 587 1897 structuram
603 1782 704 1895 plane
722 1800 894 1868 immutare
909 1801 992 1867 velit
1005 1826 1043 1868 ac
1057 1792 1263 1892 pervertere,
1291 1894 1295 1902 l

163 1931 230 1974 non
252 1909 549 1994 neg'abitnec'e'sse
571 1920 655 1993 esse>
675 1919 712 1975 ut
733 1931 794 2000 pro
815 1906 1264 2001 'fbecevo'lana’aceusativum

166 2003 621 2102 ί1ι333333ιιιι’·ι33313ιιιιιιιιι;
642 2019 726 2107 quae
748 2017 912 2084 adiectiva
933 2020 1029 2104 qu'am
1053 2019 1194 2086 habeant
1205 2046 1261 2112 pa-

165 2146 236 2192 rem
256 2126 324 2191 vim
339 2135 392 2227 ,¹⁶³
387 2140 491 2192 nsum
512 2127 568 2193 ¹vel
593 2148 636 2192 ex
658 2127 765 2196 Stichi
787 2152 818 2192 v
834 2128 896 2193 385
917 2150 990 2193 cum
1008 2150 1039 2193 ι.
1054 2128 1118 2211 391
1142 2129 1263 2194 collato

164 2222 383 2322 intellegitur.
417 2237 458 2334 V.
479 2235 550 2300 72
541 2258 576 2300 ιιι
597 2236 702 2301 altera
725 2234 870 2301 editione
893 2236 1031 2302 Bothius
1053 2260 1115 2326 pre
1139 2238 1262 2304 creti'c'o

163 2344 305 2429 habuity
312 2350 437 2410 'antea
451 2335 526 2410 eum
558 2344 675 2435 paullo
703 2343 916 2439 prudentius
934 2356 1160 2430 asynartetum
1187 2344 1263 2415 esse

168 2472 301 2518 versum
324 2463 414 2518 ratus
438 2456 525 2519 ‘tute'
547 2476 608 2544 pro
637 2453 779 2544 simplici
804 2456 874 2520 ‘tn’
885 2463 1050 2545 posuerat,
1065 2456 1182 2521 huius
1197 2457 1264 2523 1331

163 2562 283 2628 rationi
306 2585 384 2659 sanc
395 2563 644 2651 convenienter,
664 2565 916 2652 invexeratque,
933 2588 1031 2652 quam
1051 2565 1263 2656 itemample·

165 2681 249 2756 etan,
270 2670 488 2767 antiquiorem
512 2673 690 2739 accusativi
709 2673 807 2737 ‘med'
827 2669 966 2739 formam
979 2675 1014 2755 ⁶).
1047 2673 1140 2755 Quae
1163 2675 1203 2738 ab
1225 2694 1263 2738 co

109 2810 113 2823 ι
164 2781 251 2848 bene
274 2781 585 2848 novata'in'me'um
599 2790 694 2847 usum
714 2791 926 2866 'convertens
951 2793 987 2848 ut
1002 2789 1265 2870 asynart'etarum

166 2890 305 2955 artificio
318 2913 432 2957 carere
445 2892 616 2979 possimus,
633 2891 716 2957 nihil
727 2892 814 2958 ultra
835 2890 1039 2992 moliendum
1050 2874 1146 2976 duce,
1169 2911 1265 2976 qnam

165 3007 205 3063 nt
212 2999 324 3065 etiam
344 2998 535 3064 intereundi
556 2998 651 3064 verbi
682 2998 838 3111 vicariam
869 2998 1095 3087 rarioremqne
1126 3000 1264 3063 formam

165 3106 377 3204 restituentes
399 3087 643 3172 scribamus?
695 3113 698 3120 '

250 3212 339 3295 Quid
362 3198 447 3278 istnc
469 3213 509 3277 ad
532 3214 608 3279 med
630 3213 760 3299 3331333,
781 3224 845 3304 quo
867 3212 936 3282 tute
955 3210 1129 3283 interbitits
1144 3212 1266 3278 modo?

238 3433 622 3512 1)Ν(ιίιι11ιιιρίιιι1ιιιο1ι1ιι3ι
652 3442 792 3499 melotam.
821 3440 913 3497 Plaut.
941 3433 1044 3512 3331,
1071 3438 1136 3494 med
1163 3440 1193 3492 et
1217 3438 1267 3493 ted

167 3528 344 3593 aceuaaiivos
370 3539 483 3594 eninino
511 3557 568 3594 non
592 3539 734 3595 exstitisse
753 3540 822 3594 mibi
848 3536 1072 3609 non-probavit.
1112 3533 1186 3588 Nam
1213 3533 1267 3588 etsi

168 3637 317 3702 quattuon·
331 3634 379 3704 qui
398 3648 496 3691 aarum
518 3640 631 3690 exstant
647 3639 744 3700 tantm,
759 3635 970 3704 inscriptiones,
987 3629 1173 3704 grammatici,
1191 3629 1267 3684 codi-

166 3746 213 3784 ces
232 3728 361 3794 Palatini,
384 3748 517 3808 versuum
533 3731 730 3789 Plautinarum
747 3747 801 3800 ope
826 3747 926 3787 eorum
943 3727 1266 3790 emendaturummulti·

166 3824 244 3890 tudo,
263 3825 396 3910 singuli
382 3825 469 3905 fidem
486 3845 555 3902 non
562 3827 727 3899 meruerint,
744 3827 961 3883 coniunctorum
977 3823 1267 3897 consentiansmemo-

167 3919 211 3974 ria
224 3921 375 3975 maximam
385 3900 470 3991 habet
482 3922 691 3979 auctoritatem.
719 3923 818 3992 Neque
827 3922 914 3983 ullam
923 3939 974 3977 cur
985 3920 1058 3991 hanc
1068 3938 1120 3976 auc
1121 3920 1264 3975 toritatem

167 4033 340 4111 spernamus,
363 4033 480 4098 caueam
494 3990 614 4082 inienio,
641 4017 772 4086 qnoniam
793 4019 857 4087 ipse
870 4015 1105 4101 Umpfenbacbius
1124 4014 1245 4068 statim'
1237 4032 1267 4099 su

166 4093 248 4169 initii
266 4098 367 4205 capitis
385 4092 428 4179 sat
445 4091 624 4199 probabilem
642 4113 750 4211 lernaea
768 4113 844 4170 illius
859 4106 1044 4211 explicandae
1063 4106 1202 4197 rationem
1217 4102 1267 4224 (13

166 4200 327 4266 mdnstrtit.
399 4218 405 4229 ⁴
470 4221 474 4230 ·
538 4214 541 4223 “
614 4212 617 4219 “
695 4216 697 4223 ’
1022 4218 1027 4227 ’
1216 4204 1241 4223 ’''
