2858 4816
627 1371 660 1440 Ι.

145 1570 206 1652 De
237 1577 469 1676 argumento
502 1569 653 1652 fabulae
685 1567 858 1676 locisque
889 1565 1035 1674 aliquot
1068 1564 1160 1649 inde

525 1711 756 1797 iudicandis.

181 2059 315 2122 Initium
338 2058 423 2121 facio
444 2059 483 2121 ab
506 2066 700 2142 argumento
723 2056 863 2136 fabulae,
886 2056 920 2118 in
943 2079 1037 2142 quam
1061 2056 1198 2144 inquisi-

98 2180 188 2232 turus
211 2190 293 2246 sum‚
316 2167 495 2230 accuratius
519 2166 714 2248 enarrando,
737 2188 779 2229 ne
801 2165 948 2229 inutilem
967 2166 1065 2250 plane
1088 2176 1120 2231 et
1144 2191 1194 2234 sn-

100 2298 336 2361 pervaeaneam
373 2297 504 2361 operam
545 2275 728 2360 suscepisse
763 2275 904 2358 viderer,
940 2273 1027 2338 haud
1061 2277 1195 2341 veritus.

96 2384 248 2467 Namque
274 2384 362 2448 facili
387 2384 519 2468 negotio
545 2384 658 2449 licebit
684 2383 835 2447 evincere
859 2384 1043 2469 complures
1066 2383 1195 2450 tabulae

78 2492 199 2573 locos,
224 2493 265 2555 de
287 2493 402 2576 quihus
425 2491 580 2556 iudicium
602 2513 644 2555 ex
665 2492 762 2556 totius
785 2501 980 2576 argumento
1002 2513 1195 2581 suspensum

99 2612 158 2683 est,
182 2625 200 2664 a
224 2603 301 2666 viris
324 2603 440 2683 doctis,
464 2603 548 2684 quod
570 2601 699 2664 fabulae
722 2622 879 2663 summam
903 2600 1008 2664 minus
1031 2613 1194 2687 curarent,

98 2719 151 2770 aut
175 2709 305 2772 omnino
327 2709 464 2770 intactos
487 2708 619 2769 relictos
641 2728 712 2770 esse
734 2717 874 2770 autnon
898 2728 970 2772 esse
991 2720 1080 2773 recte
1100 2711 1195 2775 aesti·

98 2825 220 2895 matos;
243 2824 311 2878 tum
336 2835 414 2877 vero
437 2815 499 2877 hoe
524 2814 662 2877 alterum
685 2811 839 2878 nascetur
856 2814 1074 2899 commodum,
1098 2818 1196 2904 quod,

98 2923 285 3010 quicunque
314 2922 442 3009 Epidici
474 2923 533 2985 loci
568 2921 601 2985 in
626 2923 867 2987 contentionem
890 2924 1035 3007 venient,
1066 2947 1130 3008 quo
1153 2949 1196 2991 ex

98 3033 332 3097 sententiarum
355 3054 441 3096 nexu
467 3031 651 3116 deprompti
675 3030 749 3114 sint,
776 3033 870 3094 etiam
893 3054 960 3095 non
990 3033 1102 3097 moniti
1130 3057 1196 3099 me·

98 3142 297 3204 minerimus.
342 3140 524 3204 Audiamus
556 3160 636 3222 ergo
666 3137 805 3223 primum
836 3138 992 3202 fabellam
1015 3142 1196 3206 seeundum
1266 3196 1268 3201 Α

96 3272 268 3312 scenarum
291 3248 440 3312 ordinem
461 3248 666 3333 explicatam.
1046 3245 1048 3248 ’

180 3357 289 3422 Prima
305 3358 407 3442 igitur
422 3358 455 3422 in
473 3365 570 3421 scena
586 3356 824 3442 Thesprionem
842 3379 984 3443 servum,
1007 3359 1063 3444 qui
1082 3359 1195 3424 erilem

96 3469 200 3530 filium
231 3467 264 3530 in
294 3466 417 3530 bellum
446 3467 579 3552 aliquod
602 3467 795 3531 Thebanum
817 3469 960 3552 armiger·
983 3477 1113 3532 secutus
1137 3479 1195 3551 est,

10 3636 21 3645 ,
94 3576 171 3639 inde
183 3575 485 3662 reducemllpidieo
500 3597 656 3640 conservo
667 3597 725 3640 suo
739 3586 924 3640 narrantem
936 3575 1194 3657 audimus‚Stra.·

96 3686 273 3771 tippoclem
289 3707 379 3748 erum
391 3685 513 3750 Thebis
527 3695 664 3768 argento
675 3684 806 3750 faenore
818 3694 947 3769 sumpto
960 3685 1098 3750 amicam
1110 3707 1193 3750 mer·

11 3794 13 3798 ’
64 3831 73 3839 -
96 3804 206 3858 catum
222 3817 292 3858 esse
309 3794 543 3877 danistamque‚
568 3795 617 3857 cui
633 3794 896 3875 deheret‚seeum
909 3793 1095 3859 adduxisse.
1120 3795 1194 3876 Quo

99 3903 211 3968 nuntio
224 3904 356 3966 minime
369 3913 555 3989 exspectato
565 3901 693 3988 Epidici
706 3902 1054 3967 animusvehementer
1063 3914 1194 3990 pertur-

96 4013 206 4092 batur3
232 4010 259 4073 is
272 4013 357 4074 enim
371 4012 472 4098 ipsius
488 4012 575 4076 erilis
592 4011 637 4075 fili
656 4021 772 4097 rogatu
798 4013 942 4097 priorem
967 4013 1036 4077 eius
1057 4014 1194 4078 amicam

102 4119 340 4183 Atheniensem
363 4121 494 4185 domum
519 4121 700 4186 adduxerat
720 4133 858 4204 argento
886 4131 1036 4208 emptam,
1069 4123 1195 4205 quoda

96 4250 188 4310 sene,
208 4228 257 4293 cui
270 4227 371 4292 filiam
383 4229 539 4312 spuriam,
558 4230 719 4317 Epidauri
730 4239 844 4312 satam,
869 4254 889 4295 a
900 4253 936 4296 co
948 4232 1090 4297 Athenis
1107 4230 1195 4319 apud

980 4342 995 4394 l
