2858 4816
658 291 678 355 9

203 476 304 558 Quasi
320 496 379 561 pro
396 474 641 560 illaargcntum
655 476 828 561 acceperit,
852 497 933 558 quae
952 477 1058 539 tecum
1076 473 1215 537 adducta

991 585 1091 646 muno
1114 592 1171 646 est.

116 693 168 758 Ex
194 692 244 758 h'is
266 715 376 758 nonne
399 695 527 774 mirum,
562 694 588 757 si
610 695 670 757 hac
695 694 784 758 omni
809 695 840 756 in
861 694 1103 757 fabulaeontra
1125 693 1224 758 lano*-

118 802 297 866 nem'nihil
322 801 489 867 efficitur?
522 800 604 865 Nam
628 803 749 865 nemini
767 804 926 887 profecto,
950 801 1004 888 qui
1022 800 1214 885 quam'haec

118 920 203 975 asset
226 909 337 973 fabula
360 910 500 995 simplex
523 920 554 973 et
579 934 642 974 uns
674 921 705 974 et
736 908 808 974 cum
844 910 930 974 omni
966 909 1071 973 inutili
1105 931 1213 973 rerum

116 1019 312 1084 abundantia
335 1041 459 1099 carens,
483 1028 551 1082 tum
576 1021 673 1104 plena
696 1032 803 1083 tamen
829 1031 926 1102 atque
948 1021 1092 1106 perfecta
1118 1041 1214 1104 rapu-

117 1126 242 1208 taverit,
263 1127 420 1192 credibile
447 1126 611 1191 videbitur
633 1125 794 1191 interiissc
831 1149 954 1206 scenas,
990 1127 1106 1214 quibua
1136 1125 1214 1213 Epi·

117 1234 207 1298 dicus
228 1258 302 1298 suas
323 1235 356 1299 in
383 1235 536 1299 lenonem
564 1233 731 1298 machinas
753 1234 932 1298 moliretur.
987 1235 1085 1298 Esset
1113 1233 1216 1317 igitur

117 1343 197 1408 haec
232 1365 321 1408 mera
356 1344 476 1408 servuli
511 1344 779 1427 vaniloquentia,¹
805 1367 866 1430 qua
897 1344 984 1409 inter
1013 1352 1216 1429 spectatores

117 1456 158 1519 de
185 1479 241 1520 sua
264 1456 443 1520 calliditate
464 1455 649 1541 opinionem
680 1479 746 1520 non
771 1458 897 1542 potc'rat
928 1478 997 1520 nen
1014 1456 1161 1520 minuere
1182 1467 1217 1520 et

118 1560 308 1646 debilitarc;
345 1587 412 1629 non
437 1565 523 1629 enim
548 1575 722 1631 exsecutus
745 1576 842 1646 esset,
871 1588 953 1652 quae
980 1575 1213 1652 aeporpctsa

120 1681 226 1736 turum
255 1673 412 1757 gloriatus
445 1683 523 1738 erat.
586 1674 735 1755 Accedit,
759 1667 843 1758 quod
868 1675 912 1754 id,
939 1674 1025 1759 quod
1047 1674 1218 1761 promittit,

93 1778 95 1782 ⁸
118 1782 236 1847 mirum
260 1792 308 1845 est
331 1789 363 1845 et
385 1803 519 1868 prorsus
542 1781 733 1847 inauditum.
772 1781 856 1847 Nam
883 1788 1084 1870 quamquam
1104 1788 1217 1847 eontra

116 1891 251 1956 lenones
273 1891 306 1954 in
336 1889 503 1955 comoedia
526 1912 638 1954 omnes
658 1901 732 1954 sunt
756 1891 830 1955 odio
855 1892 1046 1956 inflammati
1074 1902 1109 1955 et
1135 1901 1214 1975 tam·

119 2022 213 2085 quam
228 1999 395 2066 coniurati
421 2009 529 2082 atquc,
563 1999 720 2085 quidquid
749 2000 886 2065 iniuriae
909 2001 948 2066 iis
977 2000 1237 2082 infertur‚.vho,c1

118 2107 188 2171 iure
215 2109 334 2170 factum
357 2107 487 2187 dicitur,
518 2117 625 2171 tanren
651 2109 737 2190 quod
759 2110 813 2172 hic
830 2131 942 2174 servus
964 2130 1000 2171 sc
1015 2110 1048 2172 in
1065 2108 1216 2173 lenonem

121 2217 375 2280 machinaturum
402 2239 471 2281 esse
495 2217 665 2301 <promittit
688 2239 818 2281 omnem
846 2218 978 2282 modum
1002 2218 1133 2282 excedit
1157 2239 1218 2281 neo

120 2334 241 2388 tantum
266 2326 442 2388 infacetum
466 2338 525 2407 est,
551 2327 808 2390 scdabsurdum.
844 2327 932 2410 Quid
958 2326 1217 2406 animuum-

118 2433 167 2498 vis
197 2456 307 2520 ‚noque
342 2435 451 2521 lenoni
484 2457 592 2518 neque
636 2437 738 2500 altera
768 2459 809 2499 cx
842 2448 934 2523 parte
958 2435 1135 2523 Periphani
1164 2445 1218 2499 aut

119 2544 278 2630 Apoecidi
302 2543 343 2608 de
361 2544 489 2608 fidicina
508 2546 632 2609 Thebis
654 2547 794 2611 adducta
818 2548 993 2633 quidquam
1017 2550 1155 2626 constet,
1176 2567 1218 2608 ex

120 2653 265 2737 negotio,
294 2653 380 2735 quod
404 2653 488 2716 inter
515 2675 570 2715 cos
594 2655 641 2734 tit,
664 2653 808 2738 speeiem
832 2654 920 2736 oriri,
950 2653 1129 2740 quasi-pro
1161 2653 1217 2717 illa

117 2771 289 2846 argentum
315 2761 455 2824 solutum
476 2759 517 2822 sit
540 2770 571 2822 et
595 2772 779 2847 acceptum,
807 2784 901 2844 quarn
925 2773 1040 2826 neutra
1064 2785 1136 2845 pars
1159 2785 1217 2826 no-

117 2870 216 2934 verit!
261 2869 359 2952 Quod
384 2869 410 2932 si
441 2869 512 2933 fieri
546 2871 673 2956 potuit,
694 2871 783 2936 dicas
814 2872 922 2953 veiim,
951 2873 1034 2956 quid·
1062 2896 1128 2936 non
1160 2894 1216 2958 po·

117 2977 222 3042 tuerit.
275 2979 387 3064 Atque
407 2988 542 3064 ''quanto
572 2980 765 3045 insolentior
788 2981 941 3045 est-haec
971 2981 1057 3044 servi
1087 2981 1216 3061 fiducia,

118 3095 205 3150 tanto
220 3086 333 3170 ,magis
355 3085 570 3169 flagitandum
592 3099 671 3169 erat,
706 3099 741 3153 ut
765 3111 827 3173 qua
851 3090 902 3150 viu
923 3089 964 3151 ad
989 3098 1118 3153 tantum
1137 3089 1214 3154 iaci·

118 3215 182 3255 uua
211 3193 345 3277 adgredi
378 3193 491 3275 vellet,
524 3195 633 3278 aliquo
666 3196 763 3261 modo
796 3196 1005 3282 significaret.
1072 3197 1150 3280 Sed,
1177 3208 1217 3261 ,ut

119 3321 215 3385 supra
239 3301 317 3381 dixi,
351 3301 445 3366 huius
472 3304 518 3366 rei
541 3316 614 3389 post.
643 3305 734 3369 nulla
762 3308 798 3371 fit
832 3307 962 3372 mentio.
1015 3307 1085 3371 Iam
1116 3307 1217 3390 igitur

117 3410 142 3472 si
168 3412 363 3498 quaerimus,
400 3437 476 3478 num
507 3438 565 3502 per
584 3417 893 3481 contaminationem
919 3417 965 3481 rei
986 3427 1052 3480 tam
1077 3415 1215 3479 mirabili

116 3534 279 3608 tamquam
302 3525 341 3589 ab
367 3527 436 3612 ipso
462 3537 554 3613 poeta
580 3527 744 3613 profectae
767 3529 864 3593 fidem
887 3531 995 3591 facere
1019 3526 1128 3607 liccat,
1157 3548 1215 3588 eur

119 3633 194 3697 mihi
220 3635 253 3699 in
277 3637 335 3699 hac
356 3637 484 3720 quidem
509 3638 628 3719 fabula,
659 3638 746 3720 quod
778 3637 818 3702 ad
843 3646 1071 3721 argumentum
1093 3634 1217 3716 attinet,

118 3753 204 3808 tanta
230 3769 304 3808 oum
337 3770 413 3810 cura
443 3752 528 3810 saeta
558 3747 746 3832 negandum
780 3768 850 3810 esse
879 3744 1056 3825 videretur,
1082 3766 1213 3808 causam

117 3853 179 3915 iam
203 3854 325 3938 aperui.
358 3855 552 3920 Persuasum
577 3856 676 3940 igitur
700 3857 802 3921 habeo
821 3857 879 3919 hos
901 3877 1014 3919 versus
1032 3877 1096 3919 non
1119 3875 1215 3941 pesse

116 3960 224 4024 illatos
246 3983 316 4026 esse
339 3964 399 4026 nisi
426 3964 465 4027 ab
489 3963 630 4045 homine,
655 3965 708 4051 qui
732 3988 796 4028 non
818 3964 946 4029 fabulae
963 3963 1149 4027 universam
1163 3987 1213 4028 ra·

117 4069 237 4133 tionem
271 4071 328 4134 sod
375 4072 469 4136 huius
503 4074 568 4137 loci
599 4084 725 4138 tantum
761 4074 800 4137 ad
833 4075 968 4138 lenones
1003 4072 1211 4137 lacessendos

118 4182 394 4268 opportunitatem
420 4193 594 4269 spectaret,-
625 4207 681 4249 seu
715 4185 741 4249 is
775 4207 886 4250 versus
910 4194 982 4247 eta
1007 4183 1115 4247 verbis
1140 4192 1214 4246 eta
