2858 4816
635 329 678 398 53

108 517 207 580 miton
236 539 315 581 oum.
367 516 419 583 ΙΙ).
439 514 517 582 339:
545 553 588 564 -
617 516 710 579 salva
740 538 820 579 oum.
864 515 912 580 ΙΙ).
935 513 1013 580 676:
1045 511 1206 576 arcessita

107 647 186 691 suin.
230 625 315 690 Men.
337 624 410 706 394,
434 625 513 690 733:
538 666 576 675 —
601 624 732 689 Sanane
752 624 809 688 eo?
851 624 952 690 Mero.
975 623 1055 690 511:
1089 656 1127 669 -
1149 619 1207 683 ad-

107 746 199 797 vecta
220 757 298 798 oum.
341 733 389 799 ΙΙ).
412 733 492 799 529:
521 769 561 780 ·-
592 735 692 826 quoia
710 755 791 797 oum.
836 733 935 798 Truc.
955 732 1001 814 ll,
1022 733 1053 814 6,
1072 731 1128 797 39:
1151 730 1207 792 mi·
1252 815 1257 829 .

106 867 181 908 sero
203 866 283 907 cnut<
317 841 439 929 Amph.
462 841 560 908 1058:
585 879 615 887 —
642 841 812 927 absumpta
833 864 913 909 oum.
952 840 1045 906 Asin.
1068 839 1145 906 838:
1168 873 1208 886 ·-
1226 836 1240 843 ”

110 952 198 1016 dicta
219 953 273 1016 sit.
318 949 416 1018 Curc.
438 949 516 1016 654:
536 986 578 997 -
599 948 732 1014 Sanane
754 950 815 1013 eol
855 948 951 1038 Epid.
976 949 1038 1034 IV,
1055 950 1086 1030 2,
1106 949 1145 1014 5:
1167 983 1208 994 —

109 1074 188 1126 ncta
210 1063 263 1126 cit:
306 1060 356 1126 ΙΙ).
377 1057 422 1133 ΙΙ,
444 1059 475 1141 2,
498 1059 574 1125 110:
593 1093 635 1106 ·-
656 1059 785 1123 illane?

190 1170 255 1235 Tot
288 1167 375 1231 euim
410 1167 444 1231 in
477 1167 736 1254 quattuordecim
771 1167 890 1234 fabulis
913 1168 953 1232 ‘a’
984 1165 1108 1232 voculis
1138 1164 1209 1240 sino

27 1258 31 1265 ’
109 1276 208 1342 dubio
231 1275 340 1341 brevis
370 1277 521 1364 exempla
543 1286 685 1361 exstant,
718 1285 808 1342 certo
829 1275 1010 1364 productae
1029 1272 1154 1340 vocalis
1176 1273 1209 1338 in

111 1385 228 1450 codem
249 1385 432 1450 fabularum
455 1408 592 1450 numero
618 1386 681 1452 duo
697 1385 911 1474 repperimus.
945 1383 1049 1468 Atqui
1066 1382 1209 1449 brevitas

110 1516 175 1559 uno
194 1495 265 1560 foro
286 1514 400 1559 versus
423 1494 497 1560 loco
520 1496 671 1581 cognosci
695 1504 813 1584 potest,
837 1493 1062 1583 compluribus
1082 1500 1210 1579 poterat

113 1602 297 1688 longitudo,
330 1611 367 1667 ut
386 1601 429 1667 ad
451 1624 623 1667 numerum
642 1604 739 1689 plano
760 1602 922 1669 divorsum
945 1601 1103 1667 rationem
1123 1599 1211 1665 inter

110 1710 279 1796 utriusque
300 1706 438 1798 generis'
456 1710 609 1797 exemplo
632 1720 812 1799 exspectes·
861 1710 954 1778 Nihil
983 1731 1064 1795 crgo
1092 1709 1210 1798 proba·

110 1818 208 1885 bilius
242 1842 336 1904 quom
369 1819 500 1884 omnino
519 1818 670 1885 Plautum
708 1819 923 1908 productione
955 1818 1080 1885 vocalis
1116 1816 1212 1883 absti-

110 1927 231 1992 nuisse.
255 1928 303 1997 Ut
320 1928 422 2016 igitur
436 1929 535 1995 finem
547 1927 674 2007 faciam,
698 1928 762 1994 duo
781 1929 834 1994 isti
846 1927 1001 1994 versiculi
1016 1922 1210 1992 emendandi

111 2045 196 2119 sunt,
217 2059 354 2121 quorum
376 2037 515 2102 ultorum
538 2037 585 2103 sic
607 2059 680 2102 oum
699 2037 880 2104 Ritschelio
902 2038 1042 2103 scribant
1066 2036 1110 2121 (v.
1125 2034 1209 2122 prol.

112 2144 146 2210 in
169 2147 277 2212 Plaut.
300 2171 332 2235 p.
358 2147 441 2229 182).

194 2253 247 2320 Ne
271 2256 409 2343 epistula
431 2254 562 2338 quidem
587 2251 663 2343 [illi]
692 2255 760 2320 ulla
786 2255 884 2322 sitin
907 2254 1040 2320 {cedibus

113 2361 251 2426 altorum
273 2363 319 2428 sic
341 2362 559 2430 Fleckeiscno
577 2362 679 2427 duco:

197 2471 326 2536 Potuit:
348 2472 423 2559 plus
443 2471 508 2536 iam
534 2469 790 2560 quinquennium
810 2490 882 2534 sum
904 2468 1016 2534 libera.

427 4262 530 4298 ΒΟΙΩΙᾸΕ
552 4263 649 4301 uotum
671 4263 768 4299 0110ss
788 4263 899 4300 (tuom
